3060 4934
789 262 865 332 318

168 470 244 521 rum
264 448 509 519 remissionom.
560 452 667 516 l‘ostea
681 471 716 514 se
733 460 889 515 convertat
900 451 937 513 ad
951 450 1117 529 lnilrmunr,
1132 451 1253 529 oculos,
1267 467 1376 527 00000,
1391 468 1474 525 nam,

169 560 256 635 labia,
271 576 382 630 manus,
400 566 504 637 pectus
523 564 554 617 et
572 556 665 636 pedes
679 555 872 636 singulasque
886 563 986 635 partes
1000 553 1140 631 ungendo
1155 552 1232 615 dicat
1245 561 1409 633 sequentes
1422 570 1475 613 ora·

170 663 276 722 tiones.
303 658 442 720 Ceterum
457 658 493 719 ad
509 669 612 738 pectus
628 676 686 719 non
701 667 861 736 unguntur,
879 658 935 717 nisi
949 657 1019 735 viri,
1034 656 1084 736 qui
1098 655 1157 716 hoc
1169 662 1275 736 petunt
1288 654 1477 734 peculiariter.

268 754 326 825 Ad
344 754 462 824 oculor.
496 762 595 840 Super
607 769 761 840 utrumqne
776 758 894 821 oculum
907 759 1003 838 primo
1018 759 1155 819 dextrum
1171 767 1201 819 et
1214 755 1324 819 deinde
1341 758 1478 819 sinistro·

168 866 256 926 iaciat
278 866 394 940 signum
417 871 536 923 sanctae
558 864 654 922 crucis
673 872 702 922 et
717 871 870 942 utrumque
884 860 969 921 simul
984 859 1124 937 ungendo
1144 859 1221 921 dicat
1234 858 1312 920 haec
1324 859 1416 920 verba
1427 858 1478 921 ior·

169 968 264 1028 malis.
318 955 386 1026 Per
407 957 506 1028 istam
533 976 666 1027 sacram
689 952 720 1041 †
743 957 938 1026 unctionem
965 962 1000 1024 et
1025 975 1122 1026 suam
1146 953 1338 1049 piissimam
1359 952 1479 1023 miseri-

169 1058 321 1131 cordiam
350 1056 527 1147 indulgeat
550 1055 610 1128 tibi
634 1055 801 1136 Dominus
829 1054 927 1129 lesus
950 1053 1106 1128 Christus
1131 1053 1294 1151 quicquid
1317 1052 1479 1149 deliqu‘sli

168 1183 231 1258 par
258 1163 379 1232 visum.
432 1163 475 1248 Bt.
502 1155 665 1254 Amen1)

270 1263 327 1334 Ad
347 1284 456 1332 aurea.
500 1269 625 1329 Primum
649 1269 783 1330 dextram
802 1277 832 1330 et
847 1268 955 1331 deinde
969 1269 1115 1328 sinistram
1129 1283 1228 1327 aurern
1243 1265 1388 1345 ungendo
1403 1264 1477 1327 simul

170 1373 262 1433 dican
289 1362 357 1433 Per
389 1365 488 1433 istam
520 1384 652 1434 sacram
672 1358 704 1452 ³5
728 1365 924 1433 unctionem
950 1370 984 1432 et
1009 1362 1192 1455 piissimam
1215 1358 1476 1432 misericordiam

169 1462 346 1556 indulgeat
364 1462 423 1535 tibi
445 1463 612 1536 Dominus
626 1463 724 1537 lesus
739 1460 893 1536 Christus
920 1461 1081 1557 quicquid
1107 1460 1278 1557 deliquisti
1304 1482 1370 1556 per
1392 1459 1475 1531 audi-

168 1576 249 1636 tum,
296 1569 339 1655 1).
366 1565 488 1636 Amen.
501 1561 535 1662 ²)

270 1669 328 1739 Ad
347 1691 456 1741 sares.
501 1668 568 1739 Per
588 1669 685 1741 istam
708 1689 841 1740 sacram
861 1665 892 1754 †
914 1668 1108 1737 unctionem
1129 1674 1164 1735 at
1184 1685 1281 1736 suam
1300 1664 1473 1758 piissimam

169 1768 436 1841 misericordiam
455 1769 632 1860 indulgeat
653 1768 713 1839 tibi
733 1768 900 1842 Dominus
922 1767 1020 1842 lesus
1043 1765 1198 1839 Christus
1217 1763 1380 1860 quicquid
1401 1763 1474 1836 doli·

170 1874 271 1966 quisti
297 1892 359 1966 per
387 1870 575 1943 odoratum.
628 1876 670 1959 liv.
699 1867 862 1966 1100003)

270 1974 328 2043 Ad
345 1974 438 2044 ladio
457 1975 512 2045 rel
528 1996 574 2044 oc.
628 1972 695 2043 Per
717 1974 816 2043 istam
838 1993 972 2044 sacram
993 1972 1024 2061 †
1047 1971 1241 2041 unctionem
1261 1978 1296 2040 et
1318 1988 1414 2042 suam
1432 1969 1474 2063 Pi:

169 2077 319 2147 issimam
345 2073 613 2145 misericordiam
636 2072 813 2164 indulgeat
832 2072 893 2143 tibi
911 2072 1079 2145 Dominus
1097 2069 1195 2144 lesus
1215 2069 1373 2144 Christus
1392 2072 1473 2164 quic

170 2173 249 2267 quid
277 2173 449 2267 deliquisti
474 2195 537 2269 pen
563 2184 699 2266 gustum
726 2184 761 2243 et
779 2173 934 2244 illicitum
955 2194 1157 2247 sermonem.
1206 2176 1249 2264 Ι).
1277 2168 1443 2265 Annene>

270 2276 329 2346 Ad
354 2299 478 2349 monos.
531 2276 599 2347 Per
624 2278 722 2348 istam
750 2297 882 2347 sacram
909 2273 939 2366 †
969 2278 1163 2347 unctionem
1190 2284 1224 2344 et
1250 2296 1349 2346 suam
1373 2274 1473 2369 piissi

170 2399 259 2447 mam
278 2378 548 2449 misericordiam
569 2377 744 2471 indulgeat
763 2377 824 2450 tibi
842 2377 1009 2450 Dominus
1030 2375 1127 2450 lesus
1149 2374 1303 2451 Christus
1326 2371 1483 2471 quicquid·

171 2478 342 2575 deliquisli
363 2502 426 2575 pel·
446 2490 580 2552 laetum.
621 2485 663 2573 lp.
691 2481 813 2551 Amen.
867 2491 899 2551 si
927 2497 973 2550 est
991 2486 1139 2550 Sacerdos
1161 2489 1343 2565 inungantur
1355 2487 1410 2548 silai
1424 2502 1473 2547 ma·

169 2610 226 2653 nos
239 2591 275 2652 ab
290 2600 384 2652 extra.
395 2580 429 2666 ⁶)

170 2703 379 2715 unua-*—

231 2747 261 2825 1)
275 2750 392 2820 Agenda
406 2751 480 2820 llog.
498 2751 574 2809 1513.
603 2750 659 2821 „Et
672 2768 722 2823 per
735 2751 815 2808 iatam
826 2747 849 2829 †
860 2752 1011 2809 unctionem
1026 2758 1055 2809 et
1065 2752 1143 2825 piissi
1154 2747 1177 2829 †
1188 2767 1257 2807 mam
1269 2748 1474 2808 msericordias

170 2849 245 2890 snam
259 2832 400 2903 indulgeat
415 2832 599 2890 tibiDominus
614 2834 741 2907 quicquid
757 2830 1473 2910 ἁο11001011000010000,0000000100ιῦοωὶμοιοπο

171 2922 263 2974 stram.
294 2916 388 2972 Arnen.
429 2919 484 2973 Pax
499 2923 587 2973 10000
598 2925 626 2974 et
640 2935 699 2975 cun
714 2920 810 2991 spiritu
825 2921 905 2977 too.“
934 2922 1007 2978 llaec
1023 2922 1110 2981 rerba
1125 2920 1160 2977 ad
1173 2920 1299 2992 singulos
1313 2915 1474 2988 100100,οά-

170 3000 238 3056 licet
252 3000 340 3072 primo
355 3001 390 3056 ad
405 3001 525 3073 Oculos,
540 3003 662 3059 secondo
674 3003 709 3059 ad
721 3005 826 3074 Aures,
840 3004 924 3063 tertio
940 3006 974 3062 ad
990 3007 1091 3076 Nares,
1108 3012 1205 3077 quarto
1221 3005 1256 3060 ad
1271 3005 1325 3073 Os,
1342 3004 1434 3077 quinto
1446 2998 1475 3056 ad

172 3099 274 3153 manus,
290 3090 369 3141 sexto
384 3085 418 3140 ad
435 3086 520 3142 l’edes
532 3095 699 3159 repetuntur.
731 3089 847 3160 Agenda
863 3091 936 3162 llog.
955 3090 1023 3145 1⁵82
1033 3106 1144 3163 prorsas
1160 3087 1298 3146 consentit
1313 3104 1376 3145 cnm
1389 3083 1476 3143 llitodi

170 3169 340 3238 Augustano.
375 3168 474 3226 Contra
490 3171 611 3227 llannole
626 3172 766 3230 Ecclesiae
778 3174 983 3231 Suessionensis
997 3171 1070 3251 (Sa),
1086 3174 1159 3229 circa
1175 3173 1254 3229 linem
1268 3173 1374 3230 saeculi
1388 3167 1476 3227 decimi

170 3252 242 3309 sexli
257 3253 331 3325 typis
342 3252 457 3325 editum,
470 3265 663 3311 commemorat
675 3272 773 3314 novem
785 3258 937 3330 unctiones,
950 3259 984 3314 ad
996 3274 1088 3315 annam
1102 3259 1252 3328 dexteram,
1265 3258 1301 3313 ad
1312 3252 1476 3313 00000001οἱ-

169 3344 269 3407 stram,
290 3337 324 3392 ad
345 3338 440 3393 oculos
462 3334 505 3407 (ln
525 3340 633 3394 nomina
648 3340 733 3397 Patris
749 3350 801 3398 etc.
814 3358 888 3413 ungo
904 3343 1000 3399 oculos
1012 3350 1074 3399 tuos
1086 3342 1150 3399 oleo
1163 3341 1352 3411 sanctificato,
1366 3348 1397 3397 ut
1409 3340 1477 3412 qnic·

171 3421 235 3494 qnid
249 3419 346 3476 illicito
361 3421 420 3477 risu
436 3421 586 3493 deliquisti,
608 3423 686 3478 hunus
701 3423 756 3480 olei
771 3426 900 3483 nuatione
915 3424 1054 3504 expiator)
1068 3427 1102 3483 ad
1118 3442 1215 3497 nares,
1237 3425 1272 3482 ad
1288 3426 1373 3497 lalria,
1388 3424 1421 3481 ad
1434 3438 1477 3497 pe-

170 3513 240 3577 ctus,
254 3504 288 3561 ad
303 3505 439 3576 scapulas,
457 3506 492 3561 od
505 3522 609 3577 manus,
624 3507 659 3563 ad
673 3507 768 3579 pedes.
1177 3502 1184 3509 ’

227 3584 259 3663 2)
273 3590 316 3649 So.
330 3589 382 3645 Ad
396 3589 502 3646 dexto
511 3608 544 3646 ro
553 3609 594 3646 m:
609 3592 758 3648 innomine
773 3599 827 3650 etc.
842 3594 878 3649 sit
892 3595 940 3651 tibi
952 3595 1021 3652 hacc
1034 3596 1127 3653 unctio
1142 3595 1197 3654 olei
1211 3592 1437 3657 sanctificationis
1447 3587 1478 3645 ad

168 3674 384 3747 purificationem
398 3674 493 3730 mentis
507 3682 535 3731 et
550 3675 676 3748 corporis
686 3676 714 3733 in
725 3676 808 3733 vitam
819 3684 965 3734 aeternam.
988 3681 1016 3735 ln
1028 3681 1136 3737 nornine
1148 3688 1200 3738 etc.
1224 3679 1331 3752 Accipe
1341 3678 1478 3736 sanitatem

170 3760 196 3815 in
215 3758 325 3817 nomina
340 3759 453 3815 Domini.
474 3758 570 3815 Amen.
610 3760 659 3816 Ad
678 3760 873 3822 sinistram.
897 3762 927 3817 ln
948 3765 1056 3822 nomine
1077 3773 1131 3826 etc.
1160 3766 1241 3836 Ungo
1262 3780 1345 3820 aures
1364 3769 1424 3819 tuas
1438 3774 1478 3817 sr-

171 3845 238 3900 crali
253 3842 307 3899 olei
323 3842 430 3915 liquore
444 3851 473 3899 ot
487 3843 613 3916 quioquid
628 3844 734 3916 peccati
749 3845 934 3904 delectatione
947 3848 1038 3904 nocivi
1053 3850 1159 3907 auditus
1173 3848 1318 3905 admissum
1333 3855 1388 3918 est,
1400 3843 1478 3902 medi·

170 3928 229 3983 cino
240 3928 387 3999 spiritualis
402 3935 525 3985 evacuat.
556 3930 616 3985 Per.

231 4010 262 4084 3)
277 4014 319 4068 Ss.
334 4013 363 4068 ln
375 4013 484 4069 nornine
494 4019 547 4071 etc.
566 4012 646 4084 Ungo
657 4014 707 4070 has
717 4031 798 4072 nares
809 4014 844 4071 de
856 4015 920 4073 oleo
930 4033 1022 4088 sacro,
1037 4024 1067 4073 ut
1077 4016 1204 4089 quicquid
1216 4030 1306 4073 noxae
1316 4021 1479 4075 0001000100

25 4170 30 4181 1
61 4164 69 4177 ,
169 4101 212 4151 est
225 4094 342 4153 odoratu
354 4098 491 4170 superfluo
505 4097 558 4153 ista
574 4107 687 4157 evacuet
701 4100 855 4157 medicatio.

199 4214 203 4223 -
227 4180 258 4247 1)
273 4179 314 4235 Ss.
336 4180 365 4234 ln
386 4185 494 4238 nomine
515 4189 568 4239 etc.
598 4183 679 4255 Uaga
697 4184 830 4242 labiaista
842 4184 996 4241 consecrati
1007 4183 1064 4241 olei
1077 4184 1291 4255 medicamento,
1311 4190 1342 4240 ut
1357 4179 1478 4256 quiequid

168 4261 428 4402 ppqoqqqppqptinm
442 4267 582 4327 locutione
596 4268 756 4329 criminosus
767 4268 889 4340 necessat
900 4268 990 4339 divina
1002 4270 1145 4326 clamantia
1157 4268 1303 4326 miserante
1315 4272 1478 4341 expurgetur

226 4427 256 4522 p)
271 4430 313 4485 sa.
330 4430 478 4489 innomine
493 4443 545 4492 stc.
562 4437 643 4507 Ungo
654 4436 703 4491 has
718 4450 811 4492 manos
822 4436 887 4495 oleo
898 4446 1074 4519 consecrato3
1090 4443 1119 4495 ut
1130 4437 1257 4509 quiequid
1272 4438 1308 4497 do
1326 4437 1425 4495 illicito
1435 4431 1473 4493 rel

167 4526 251 4568 nomo
267 4526 353 4583 opera
367 4526 546 4587 peregerunt,
561 4520 613 4576 lrao
626 4519 754 4577 unctione
769 4526 924 4581 evacuatur.
