3046 4942
808 318 1020 395 ὥθ’

194 507 296 581 Plebs
316 504 474 579 Hebraea
495 504 555 579 tibi
581 527 657 582 oum
682 507 803 604 palmis
824 508 927 582 obvia
948 511 1044 581 venit

245 607 329 681 Cum
354 631 477 705 prece,
504 618 608 700 voto,
634 609 787 706 hymnis,
813 611 973 686 adsumus
995 634 1079 685 ecoe
1099 610 1167 687 tibi.

397 707 534 801 Gloria,
560 711 636 788 laus
661 723 697 785 et
721 712 832 785 honor
857 721 920 784 ete.
1027 765 1034 777 .

190 812 233 884 Hi
254 811 313 884 tibi
335 834 480 908 passuro
502 814 685 887 solvebant
704 820 817 888 munia
837 814 947 891 laudis

240 911 313 989 Nos
336 914 395 987 tibi
415 920 572 1008 regnanti
591 921 769 1013 pangimus
792 940 876 992 eooe
894 915 1014 989 melos.

397 1014 534 1109 Gloria,
561 1020 635 1093 laus
659 1031 694 1093 et
715 1020 825 1093 bonor
845 1029 911 1092 ete.

188 1117 232 1192 Hi
249 1119 416 1214 plnenere
435 1119 514 1211 tibi,
535 1122 670 1217 plneeat
691 1122 831 1197 devotio
856 1130 974 1196 nostra

205 1297 206 1301 Ἴ
238 1221 317 1295 Rex
342 1221 451 1312 boue,
477 1224 737 1315 nonnionem,
764 1227 820 1297 oui
844 1225 935 1297 boun
966 1231 1088 1298 cuneta
1110 1222 1265 1319 placent.

394 1323 530 1416 Gloria,
557 1326 632 1400 lans
659 1337 695 1400 et
720 1329 832 1401 bonor
857 1337 921 1399 ete.
931 1323 961 1424 1)

289 1434 398 1498 Postea
411 1436 615 1500 Subdiaoonns
629 1440 727 1502 hastili
741 1459 831 1502 ornos
844 1441 971 1520 pereutit
986 1447 1186 1518 portamque
1201 1439 1304 1500 stetin
1313 1445 1405 1518 rpem
1416 1436 1476 1501 ru·

187 1537 285 1598 oresio
301 1537 389 1599 intrat
403 1539 558 1602 eeclesiam
572 1542 735 1605 osmundo:
761 1531 981 1625 ingrediente
994 1529 1142 1603 Domino
1164 1532 1201 1604 in
1213 1541 1363 1607 sanctem
1375 1531 1478 1601 cirita·

185 1640 253 1702 tem
266 1628 503 1705 Hebraeorum
517 1636 615 1730 pueri
628 1638 915 1709 resurrectionem
930 1637 1021 1706 vitae
1034 1634 1296 1729 pronuntiantes
1307 1655 1382 1706 oum
1392 1635 1479 1705 remit

185 1732 373 1828 palmarum
394 1734 556 1810 Hosanua
583 1736 773 1810 clamabant
795 1741 830 1810 in
856 1736 1017 1808 excelsis.
1061 1733 1145 1807 Cum
1171 1737 1327 1813 audisset
1351 1735 1480 1833 populus

186 1834 277 1931 qnod
298 1834 397 1911 Iesus
419 1843 556 1912 veniret
572 1837 848 1937 Hierosolymam
866 1841 1024 1911 exierunt
1045 1837 1183 1909 obviam
1199 1842 1244 1911 ei
1285 1837 1375 1911 Dum
1393 1838 1480 1911 remis

185 1945 249 2007 eto.
288 1945 326 2008 Dt
345 1966 404 2010 non
424 1950 530 2013 dieitur
543 1938 661 2016 Gloria
675 1943 776 2015 Patri.
818 1951 934 2014 Deinde
947 1949 1216 2013 oeiebrntnriiiese
1229 1953 1346 2014 etrrmi
1359 1959 1480 2013 tenentu

184 2048 213 2108 in
228 2048 360 2110 menibus
374 2051 440 2113 dum
454 2062 587 2114 onutatnr
598 2054 701 2115 Passio
716 2063 747 2116 et
763 2053 956 2132 Evangelinm
971 2037 1131 2140 tuntum.²)

398 2209 436 2307 b)
464 2210 527 2284 Ex
553 2210 909 2288 Benedictionali
936 2207 1272 2287 Constantieusi

285 2344 357 2416 Post
372 2356 490 2420 Sextum
512 2357 548 2420 ad
561 2377 654 2440 aquae
667 2359 870 2439 repensionem
884 2359 998 2419 canitur
1012 2356 1168 2419 introitus:
1195 2344 1352 2420 sitientes
1370 2348 1478 2418 venite

183 2443 226 2517 ad
249 2468 354 2542 aquas
374 2449 454 2522 dicit
474 2451 640 2526 Dominus
662 2462 695 2523 et
717 2454 775 2551 qui
795 2472 864 2522 non
883 2451 1013 2525 habetis
1032 2453 1178 2547 pretinm
1196 2449 1302 2522 bibite
1322 2472 1398 2521 oum
1417 2449 1477 2520 lae-

182 2550 262 2619 titia.
309 2549 485 2625 Attendite
511 2555 658 2655 populus
685 2575 783 2627 meus
810 2554 925 2646 legem
950 2576 1080 2643 meam,
1106 2554 1271 2624 inclinate
1292 2574 1408 2626 aurem
1426 2574 1477 2623 ue·

180 2660 286 2725 stram
306 2655 341 2725 iu
362 2655 472 2728 verba
498 2660 569 2730 oris
592 2660 668 2728 mei.
717 2655 878 2729 Sitieutes
898 2653 1004 2752 eto.⁴⁸)

283 2756 324 2830 D.
358 2756 504 2830 Domine
532 2759 622 2855 apud
650 2769 684 2829 te
710 2768 763 2832 est
787 2757 866 2831 ions
887 2759 989 2830 vitae.
1027 2762 1070 2847 it.
1090 2754 1135 2827 Et
1155 2757 1191 2827 iu
1213 2756 1343 2829 domiuo
1359 2767 1412 2830 tuo
1429 2757 1473 2826 ui·

179 2855 478 2943 dedimusllumen.

283 2959 437 3037 Oromns.
479 2957 581 3052 Deus:
599 2983 700 3057 quem
722 2961 868 3055 diligere
886 2971 949 3032 eto.
969 2984 1000 3056 p.
1021 2960 1104 3032 395.
1142 2959 1257 3032 Lectio
1271 2960 1367 3033 [Adri
1379 2959 1476 3033 &odi

180 3085 209 3132 o.
232 3061 311 3153 XV,
333 3067 381 3138 27
391 3088 477 3137 -e
496 3064 591 3154 xvi,
618 3068 673 3135 12.
718 3063 798 3137 Ant.
823 3061 1048 3156 collegerunt
1069 3061 1248 3158 pontifices
1272 3072 1338 3134 ete.
1358 3088 1388 3160 p.
1403 3061 1472 3134 395.

177 3165 392 3260 annqmnm
416 3172 589 3243 sennodum
614 3169 766 3241 Marcam
791 3189 820 3238 o.
843 3166 912 3256 XI,
941 3167 1087 3238 1-10.
1132 3162 1219 3236 Cum
1240 3168 1475 3263 appropinqua-

177 3276 233 3339 ret
255 3308 301 3322 --
323 3269 484 3346 Hosanua
510 3274 546 3343 iu
572 3270 731 3345 excelsis.

281 3369 447 3448 Dominus
474 3373 652 3447 vobiscum
683 3382 746 3442 oto.
789 3371 924 3444 Adesto
951 3369 1049 3443 nobis
1071 3371 1288 3465 omnipotens
1310 3367 1419 3455 Dens,
1442 3373 1474 3436 nt

180 3470 271 3567 quod
292 3484 410 3546 nostro
430 3478 637 3549 ministratur
657 3473 785 3564 officio,
807 3484 887 3546 tuae
908 3471 1155 3545 benedictionis
1175 3474 1292 3568 potius
1311 3472 1472 3568 impleatur

176 3574 310 3647 effectu.
351 3575 428 3648 Per.

250 3769 281 3838 1)
297 3767 389 3825 Adeas
404 3767 566 3823 Thesaurum
581 3782 666 3823 meum
682 3765 905 3839 Hymnoiogioum
920 3765 994 3822 'rom
1009 3764 1031 3820 1.
1047 3780 1073 3835 p.
1088 3762 1148 3819 nis.

247 3848 277 3928 2)
294 3852 474 3910 Beroialdus:
495 3850 559 3921 „iix
572 3859 660 3906 mente
676 3851 810 3907 eeclesiae
823 3846 869 3928 (i)
885 3856 1027 3907 servantur
1045 3846 1147 3903 devoto
1164 3845 1255 3901 animo
1270 3846 1326 3903 isto
1339 3842 1411 3910 rami,
1429 3846 1472 3894 ant

183 3935 216 3993 ad
237 3955 312 3994 usum
331 3939 404 4013 pium
426 3936 603 3994 adhibentur:
626 3936 686 4011 ipso
708 3937 779 3992 enim
800 3935 873 3991 iaoto
894 3934 1029 3990 Christum
1048 3930 1184 3988 dominum
1203 3946 1360 4002 precamur,
1381 3935 1411 3984 nt
1427 3941 1471 3997 per

177 4021 331 4093 passionem
355 4030 382 4080 et
397 4030 509 4080 mortem
530 4039 604 4078 suam
625 4037 694 4094 quaa
715 4020 872 4077 daemonem
894 4018 1033 4092 superavit
1056 4023 1083 4072 et
1102 4014 1187 4086 fregit
1206 4020 1236 4070 et
1255 4032 1310 4088 per
1330 4010 1472 4073 miseriror-

178 4104 248 4161 diam
262 4125 336 4164 suem
351 4109 522 4177 immensam,
544 4123 596 4179 qua
611 4108 664 4162 boo
677 4106 736 4163 siue
750 4106 813 4162 otiis
825 4105 928 4162 nostris
943 4102 1047 4160 meritis
1061 4101 1135 4172 egit,
1151 4100 1315 4158 dromonem
1328 4112 1471 4169 omnum

174 4192 350 4248 eremitatem
365 4209 380 4247 a
394 4194 474 4250 uobis
489 4200 517 4250 et
531 4193 564 4248 nb
581 4191 692 4248 nedibus
710 4192 811 4249 nostris
825 4191 920 4262 pedat,
937 4207 971 4246 ne
986 4188 1031 4247 vei
1046 4187 1119 4245 aeris
1135 4192 1300 4259 impensa
1313 4187 1357 4244 vei
1372 4185 1425 4241 alio
1438 4183 1470 4238 ir·

177 4276 322 4331 commodo
338 4294 506 4350 quocumque
523 4277 602 4334 nobis
616 4285 728 4333 noceat:
743 4277 805 4348 quia
820 4283 917 4346 potens
926 4275 974 4331 Dei
989 4273 1101 4329 dextera
1116 4288 1166 4328 nos
1180 4279 1314 4343 protegat
1330 4278 1358 4328 et
1371 4287 1421 4327 non
1434 4283 1469 4324 so·

175 4356 228 4414 lum
244 4376 362 4432 corpore
378 4379 393 4417 a
409 4363 484 4419 maiis
500 4370 606 4419 tuentur
620 4362 669 4418 sed
684 4362 788 4418 animno
801 4374 909 4431 qnoque
924 4360 1040 4430 gratiam
1054 4374 1128 4413 suam
1142 4356 1266 4412 infundat
1280 4360 1359 4414 ete.“
1380 4357 1413 4414 Ut
1421 4355 1468 4424 ipse

175 4442 334 4512 saepissimo
349 4445 405 4501 ridi
417 4448 446 4502 iu
458 4447 584 4504 domibus
598 4448 760 4504 rusticorum
773 4445 920 4515 boninum,
934 4446 1002 4502 reni
1016 4444 1057 4500 iiii
1070 4443 1342 4514 abrenuntiarent
1351 4435 1466 4505 crncifixi.

174 4522 203 4581 in
217 4525 323 4599 parius
336 4544 494 4601 suspensae.

245 4604 277 4685 3)
292 4609 402 4668 orditur
415 4614 449 4671 ab
463 4613 559 4672 eedem
574 4615 727 4688 Antiphone
742 4611 810 4673 Cod.
827 4611 974 4688 Dbeinang.
991 4629 1030 4674 oo.
1045 4613 1084 4671 X!
1098 4611 1171 4697 nond
1184 4611 1355 4673 Gerbertnn.
