3046 4942
783 278 857 348 270

222 461 285 535 vl.
324 462 387 534 EX
414 460 603 535 RITUALI
630 460 912 536 TREVIRENSI
938 459 1068 534 ANNO
1097 456 1421 556 1836Eb1T0.¹)

465 579 578 653 0rdo
606 580 893 655 contrahendi
916 579 1168 676 sponsalia.

258 724 482 805 sponsaliorum
501 726 663 789 celebratio
683 737 730 789 eat
742 737 824 788 certo
837 725 1017 807 multumque
1030 724 1185 786 laudabilis
1200 724 1384 785 caerimonia
1398 747 1406 791 ;
1426 722 1473 783 sed

158 847 220 889 cum
236 846 291 888 nec
306 837 476 908 praecepta,
491 847 589 908 neque
604 831 772 890 necessaria
787 831 836 905 sit,
852 831 946 891 omitti
961 837 1062 908 potest
1075 829 1111 887 iis
1125 829 1155 888 in
1168 828 1255 902 locis,
1264 827 1314 886 ubi
1327 844 1387 886 non
1397 827 1472 885 estin

158 949 222 991 ιιιιι.
262 929 318 990 Ubi
336 948 409 990 vero
425 930 612 993 celebrantur
625 931 792 1012 sponsalia
814 941 933 992 moueat
947 930 1098 992 Parocbus
1111 928 1315 1009 spondentes
1339 931 1471 988 caerimo-

158 1034 234 1093 niam
257 1030 351 1108 banc,
376 1049 440 1091 cum
461 1051 499 1092 ex
518 1041 602 1112 parte
617 1035 804 1121 magistratus
821 1034 916 1093 civilis
931 1032 1010 1093 nulla
1029 1031 1227 1112 exspectanda
1241 1033 1281 1091 sit
1296 1031 1469 1105 assistentia,

158 1133 289 1195 nullam
282 1152 311 1193 ιιι
326 1135 509 1195 conscientia
524 1136 625 1196 sortiri
639 1135 864 1213 obligationem
903 1135 1094 1212 Diligenter'
1086 1151 1207 1215 insuper
1222 1133 1355 1211 inquirat
1369 1141 1399 1192 et
1411 1148 1469 1191 exa·

159 1236 248 1295 minet
262 1235 465 1314 spondentes,
480 1254 516 1296 an
533 1246 653 1298 teneant
666 1237 830 1298 rudimenta
846 1236 932 1314 fidei,
951 1245 980 1298 et
994 1254 1030 1296 an
1045 1236 1241 1297 sufficientem
1255 1235 1411 1295 scientiam
1428 1232 1469 1293 ba·

160 1336 248 1397 beant
262 1336 441 1413 ciliciorum,
455 1355 530 1416 quae
544 1339 574 1398 in
588 1340 773 1401 matrimonio
788 1348 846 1400 tum
860 1340 939 1398 iuter
952 1340 1047 1398 virum
1063 1347 1093 1399 et
1106 1338 1275 1413 foeminam,
1289 1345 1352 1396 tum
1366 1338 1394 1395 in
1410 1333 1469 1394 edn-

160 1439 278 1499 oatioue
292 1438 419 1518 prolium
434 1449 602 1503 occurrunt.

262 1538 412 1600 Parocbus
435 1550 557 1619 rogatus
577 1551 608 1602 ut
620 1540 809 1622 sponsalibus
822 1542 941 1603 assistat
953 1543 982 1602 in
998 1541 1086 1603 domo
1101 1539 1262 1622 pastorali,
1284 1539 1469 1620 comparenti·

160 1643 215 1702 bus
229 1640 337 1700 ibidem
351 1643 471 1721 sponsis
486 1660 648 1723 eorumque
662 1644 851 1723 parentibus,
872 1645 1102 1721 consanguineis
1116 1652 1165 1704 aut
1178 1643 1280 1703 amieis
1296 1641 1469 1722 quibusdan,

162 1744 284 1823 praevie
299 1741 466 1804 observatis
482 1762 557 1824 quae
572 1747 600 1805 iu
616 1764 724 1823 magno
739 1744 848 1807 Rituali
865 1756 1003 1808 annotata
1017 1755 1096 1825 sunt,
1111 1745 1285 1807 Germanica
1300 1744 1352 1804 rel
1369 1742 1467 1804 Gallice

161 1862 216 1924 pro
233 1843 293 1905 loci
308 1841 446 1905 idiomate
459 1846 626 1925 interroget
639 1867 783 1928 sponsos:

263 1935 298 2006 S.
327 1935 462 2008 Keunet
479 1936 537 2009 Ibr
560 1938 640 2010 trem
658 1940 926 2033 reobtrniissiges
953 1937 1174 2026 Hinderniss,
1201 1936 1361 2010 welches
1383 1932 1468 2006 Encl

162 2035 303 2127 unldhig
322 2036 469 2110 macheu
487 2037 629 2128 tonare,
656 2041 820 2113 einander
847 2065 890 2112 au
911 2040 1108 2129 ebelicben3
1132 2039 1217 2112 oder
1236 2039 1328 2111 doch
1347 2040 1467 2129 wenig·
1511 2042 1513 2095 ἓ

162 2149 256 2211 stans
283 2139 375 2210 nicht
396 2140 570 2231 erlaubte,
594 2142 690 2216 diese
710 2141 937 2234 Verbindung
960 2141 1201 2236 einaugeben?

265 2339 300 2412 S.
330 2339 425 2437 Scyd
449 2341 507 2414 lhr
531 2344 596 2417 lrei
618 2367 688 2418 von
711 2345 813 2415 aliem
832 2344 1071 2421 Ehebiindnisa
1091 2344 1160 2417 und
1184 2345 1268 2416 aller
1284 2341 1465 2414 Eheuerlo-

163 2441 257 2535 bung
282 2444 342 2513 mit
364 2443 556 2518 Auderem?

265 2550 309 2716 ἓ..
331 2620 454 2717 Bindet
471 2647 569 2719 Eucb
594 2650 675 2720 kein
698 2648 895 2740 geistlicbes
922 2647 1096 2736 Geliibde,
1126 2650 1161 2717 iu
1185 2632 1413 2734 Keuscbbeit,
1438 2645 1463 2710 iu

164 2745 391 2837 Enthaltung,
419 2747 505 2818 oder
526 2750 803 2821 unverheirathet
826 2750 921 2821 Euer
941 2749 1058 2821 beben
1077 2746 1339 2840 zuzubrtngent

233 2968 238 2975 ·
266 2850 309 3018 g
332 2947 427 3043 Seyd
456 2948 513 3022 Ibr
539 2952 630 3023 nicht
656 2948 721 3024 m'it¹
738 2954 901 3026 einander
927 2951 1150 3040 belreundet,
1167 2932 1273 3023 ¹'oder
1300 2942 1463 3020 verwandl
1510 2940 1512 2961 '

167 3054 200 3121 in
220 3053 331 3120 eincm
347 3048 472 3141 Grade,
491 3052 552 3125 der
565 3052 664 3126 Euclr
681 3054 783 3127 beida
797 3056 966 3145 hiudcrte,
984 3055 1052 3126 den
1063 3047 1240 3126 Ehestund
1253 3041 1462 3125 anautreteul
1504 3064 1507 3071 ’

167 3308 171 3312 .
268 3155 322 3322 ffic
335 3265 446 3341 poterit
458 3265 606 3327 Sacerdos
620 3283 674 3347 pro
688 3284 739 3328 sua
753 3266 919 3346 prudentia,
929 3269 986 3329 boc
998 3276 1054 3344 est,
1065 3265 1163 3328 habita
1176 3266 1294 3325 ratione
1308 3270 1403 3324 status
1415 3273 1464 3340 pet·

167 3380 321 3439 sonarum,
342 3364 506 3428 allidendae
527 3371 714 3447 interrogare
732 3369 768 3429 de
783 3373 962 3448 cognatione
976 3367 1141 3450 spirituali,
1160 3367 1363 3447 proveniente
1380 3359 1465 3425 eth·

74 3520 77 3527 .
167 3467 274 3546 ptismo
290 3472 320 3523 et
330 3463 571 3546 confirmatione,
586 3481 616 3532 et
628 3472 772 3531 sciscitari
786 3470 863 3532 ab
837 3490 891 3546 ers,
906 3491 942 3532 an
957 3491 1016 3534 nou
1029 3470 1106 3532 aller
1117 3469 1265 3530 alterum
1256 3487 1287 3527 ιιι
1299 3485 1370 3528 casu
1382 3478 1466 3537 neem

166 3568 262 3627 sitatis
277 3565 491 3644 baptizaverit?
520 3550 566 3631 An
581 3591 640 3634 non
656 3594 673 3633 e
687 3590 773 3633 sacro
787 3572 887 3650 touta,
902 3575 975 3634 vel
966 3591 1072 3663 ipsum,
1077 3568 1161 3631 uel
1152 3571 1254 3666 ipsius
1264 3569 1410 3629 inlautenr
1420 3580 1467 3624 sut·

167 3663 304 3746 coperit?
336 3667 382 3727 Aa
396 3685 455 3728 non
469 3671 498 3729 in
514 3669 745 3757 Confirmatioria
758 3671 892 3736 l’atrinus
906 3675 956 3736 uel
969 3673 1119 3736 llatrina
1110 3674 1222 3753 ipsius,
1241 3680 1292 3731 ant
1308 3671 1375 3730 eius
1392 3665 1469 3729 irim·

168 3771 205 3828 tis
220 3763 333 3829 luerit?
360 3754 534 3850 Praeterea,
555 3793 580 3834 ιι
573 3774 854 3867 'sponsandornm
845 3775 921 3836 alter
935 3776 1063 3837 nondum
1075 3777 1114 3836 sit
1127 3791 1183 3855 per
1196 3779 1326 3833 aetatem
1341 3791 1386 3832 ιιι
1378 3767 1469 3840 luris,

168 3877 250 3949 petet
270 3879 364 3931 utrum
387 3881 546 3952 parentes,
566 3885 679 3938 tutores
693 3885 723 3937 et
737 3876 804 3954 alu
825 3854 861 3938 ad
877 3896 951 3959 quos
970 3885 1101 3959 spectat,
1122 3895 1152 3937 m
1167 3892 1270 3935 eornm
1283 3871 1431 3954 sponsalia
1446 3873 1470 3926 tl

156 3970 295 4032 daturum
318 3972 504 4054 subsequens
517 3975 731 4040 Matrimonium
754 3976 964 4078 consentiant?
992 3979 1077 4055 Quod
1097 3987 1279 4059 postremum
1298 3975 1337 4036 ab
1353 3974 1471 4057 ipsismet

169 4073 350 4149 parentibus,
366 4086 415 4137 aut
430 4077 576 4139 tutoribus
591 4082 707 4161 exquiri
722 4089 855 4160 oportet.
898 4080 971 4141 'lum
984 4081 1100 4144 demum
1115 4077 1332 4155 interrogabit:

167 4163 452 4354 Zwasststelffl
474 4169 531 4325 ihr
552 4168 650 4244 Euch
670 4172 744 4244 bier
765 4173 822 4242 ein
841 4194 902 4246 ans
919 4195 1008 4331 gana
1025 4173 1147 4246 lreiem
1160 4167 1293 4247 Willen
1311 4167 1381 4240 und
1394 4163 1470 4239 obre

266 4368 386 4452 lp

177 4482 372 4496 ᾖ.

230 4510 258 4599 l)
274 4531 378 4593 Gallula
391 4532 431 4590 est
443 4536 557 4607 Agenda
568 4500 789 4601 monasteriensis
802 4546 863 4603 anni
876 4526 952 4616 idib
