3060 4934
575 236 734 307 ’19

30 434 35 443 ·
88 482 92 489 .
142 414 331 515 Supplices
351 428 386 491 te
419 436 585 514 rogamus
602 421 825 517 ‚omnipotens
839 420 965 513 lions,
992 425 1073 503 iube
1102 425 1188 498 haec
1216 427 1367 525 perlat-ri

41 540 108 616 per
129 540 250 594 manus
272 521 403 616 Angeli
428 527 477 595 tui
503 528 537 595 in
561 519 708 595 sublime
731 523 842 594 altare
865 532 960 595 tuum
977 527 1368 622 inconspectudivinac

41 618 235 715 Maiestatis
258 634 352 715 tuae,
368 632 409 696 ut
434 634 602 723 quotquot
630 646 679 697 ex
714 626 779 697 hac
809 626 928 699 altaris
956 632 1218 725 participatione
1248 614 1367 704 sac’ro-

43 734 201 798 sanctum
224 724 302 799 Filii
322 732 372 799 tui
402 720 536 825 Corpus
560 725 603 821 fet
632 726 843 821 Sanguinem
873 716 1117 821 sumserimus,
1149 735 1242 802 omni
1261 731 1367 804 liene·

43 825 197 899 dictione
232 829 377 905 coelesti
397 841 431 903 et
450 835 578 933 ¹gratia
620 830 821 926 repleamur
855 816 941 903 'Per
976 822 1147 908 Christum
1184 833 1368 906 Dominum

45 939 251 1003 nostrum·
439 941 442 946 '
694 968 701 981 ·
916 962 927 980 ·
1216 939 1225 954 '
1277 932 1287 948 ’

159 1131 333 1210 Memento
356 1141 458 1209 etiam
471 1137 633 1213 -Dominc
658 1148 692 1215 et
714 1162 837 1214 eorum
858 1142 1013 1228 nomina,
1041 1141 1099 1234 qui
1120 1161 1185 1213 nos
1204 1162 1364 1234 praeces·
1485 1138 1489 1146 '

44 1246 166 1308 serunt
186 1260 263 1308 cum
281 1243 382 1332 signo
405 1238 485 1311 lidei
508 1253 543 1313 et
556 1245 734 1337 dormiunt
755 1248 790 1315 in
813 1264 939 1337 somno·
957 1243 1062 1338 pacis.
1118 1241 1224 1338 Ipsis,
1247 1242 1365 1312 Domi-

46 1354 102 1443 ne,
131 1349 166 1411 et
185 1339 341 1417 omnibus
364 1346 400 1416 in
427 1339 563 1428 Christo
588 1345 842 1443 quiescentibus
866 1345 981 1417 locum
1010 1343 1184 1437 refrigerii
1213 1344 1300 1418 lucis
1329 1353 1364 1414 et

22 1442 140 1614 ptnrqls
158 1434 436 1543 gna'indulgeas,
473 1448 707 1544 deprecamur.
765 1448 833 1519 Per
868 1444 1040 1521 Christum
1077 1447 1260 1519 Dominum
1300 1467 1362 1516 no·
1409 1551 1414 1560 Ι

47 1564 62 1613 s
118 1565 162 1614 m.

156 1744 268 1817 Nobis
293 1768 431 1839 quoque
445 1748 699 1840 peccatoribus,
718 1747 857 1818 famulis
880 1749 959 1835 tuis,
983 1746 1026 1817 de
1037 1746 1250 1815 multitudine
1263 1749 1365 1817 mise-

47 1851 218 1921 rationum
248 1850 382 1921 tuarum
409 1845 646 1950 sperantibus,
687 1858 819 1942 partem
858 1847 1006 1942 aliquam
1043 1857 1077 1918 et
1112 1849 1312 1919 societatem
1335 1843 1365 1930 1)
1438 1906 1443 1914 .

48 1949 177 2022 donare
193 1948 354 2040 digneris
377 1968 454 2017 cum
477 1951 544 2021 tuis
558 1951 686 2021 sanctis
707 1948 889 2044 Apostolis
912 1959 947 2020 et
967 1948 1189 2044 Martyrihus,
1212 1946 1365 2020 cum'lo-
1499 1973 1502 1979 ·

10 2110 12 2121 .
47 2049 170 2140 lanne,
188 2049 377 2146 Stephano,
398 2047 552 2139 Matthia,
561 2048 739 2141 Bernaba,
754 2050 900 2143 lgnatio,
914 2051 1132 2140 Alexandro,
1145 2049 1363 2141 Marcellino,
1445 2093 1451 2104 .

47 2152 168 2243 Petro,
199 2142 398 2240 Felicitate,
440 2151 630 2248 Perpetua,
657 2153 816 2246 Agatha,
846 2154 971 2244 Lucia,
993 2150 1167 2248 Agne2),
1198 2152 1362 2248 Caecilia,

34 2246 227 2351 -Anastasia
249 2264 283 2325 et
309 2276 387 2324 enm
411 2255 567 2327 omnihus
590 2254 728 2329 Sanctis
747 2260 831 2330 tuis:
855 2259 943 2327 intra
965 2278 1110 2352 quorum
1132 2278 1362 2338 noscensor-

45 2360 128 2437 tium
147 2353 179 2443 ⁸)
214 2379 284 2429 non
329 2360 538 2430 aestimator·
564 2362 675 2429 meriti
710 2359 774 2431 sed
789 2354 927 2430 'veniae
970 2381 1177 2454 quaesumus
1208 2358 1363 2450 largitor

45 2458 194 2532 admitte.
225 2459 318 2536 ,Per
336 2456 507 2549 ,Christum
533 2459 719 2531 Dominum
741 2470 905 2533 nostrum.

147 2650 222 2737 Per
230 2686 334 2759 quem
350 2663 437 2735 haec
459 2667 572 2761 omnia
591 2658 740 2734 Domine
757 2684 895 2757 semper
916 2661 1007 2733 bona
1022 2683 1135 2750 creas,
1156 2658 1362 2748 sanctificus,

46 2758 419 2856 delinquentias
443 2775 478 2836 et
504 2777 661 2860 praestas
684 2764 793 2836 nobis.
847 2765 915 2834 Per
938 2767 1048 2859 ipsum
1069 2775 1200 2835 etcum
1226 2754 1305 2859 ipso‘
1327 2772 1362 2832 et
1468 2764 1472 2769 '

31 2872 77 2965 ⁸in
104 2871 194 2963 ipso,
217 2869 351 2941 esttibi
377 2868 454 2938 Deo
480 2868 573 2939 Patri
601 2869 823 2962 omnipotenti
853 2864 1039 2937 in‘unitate
1067 2866 1215 2962 Spiritus
1242 2865 1362 2938 Sancti

42 2973 155 3045 omnis
177 2970 297 3042 honor
314 2980 348 3042 et
372 2970 494 3064 gloria.
810 2968 819 2989 ⁰
940 2992 949 3010 ·

96 3200 107 3221 ¹
157 3174 227 3249 Ber
253 3156 364 3277 omniq
387 3173 528 3249 saecula
543 3171 772 3247 saeculorum.
826 3171 966 3242 Amen·

156 3376 314 3450 0remus.
368 3378 567 3474 Praeceptis
587 3377 794 3451 salutaribus
815 3338 934 3449 moniti
955 3346 991 3471 el
1012 3360 1126 3448 divina
1149 3377 1360 3448 institutione
1473 3400 1481 3413 ·

43 3482 181 3553 lormati
200 3480 367 3552 audemus
391 3480 517 3552 dicere.
570 3480 674 3552 Pater
697 3491 834 3581 noster,
858 3483 975 3575 quies
1002 3478 1189 3568 incaelis,
1213 3478 1376 3552 sanctii·
1485 3474 1491 3487 ’

43 3594 142 3669 cetur
163 3604 290 3654 nomen
317 3592 411 3655 tuum
440 3593 503 3654 etc.
520 3580 564 3670 4).

139 3772 280 3860 libera
301 3809 366 3860 nos
390 3804 595 3882 quaesumus
622 3784 770 3856 Domine
797 3785 838 3855 ab
854 3782 1010 3855 omnibns
1032 3784 1130 3857 malis
1151 3778 1357 3879 praeteritis,
1381 3864 1391 3884 ⁸
1419 3824 1423 3834 -

42 3883 283 3986 praesenlihus
307 3899 342 3961 et
367 3888 490 3961 futuris
518 3901 551 3961 et
574 3888 809 3960 intercedente
824 3884 856 3973 ὖ)
883 3886 983 3959 beata
1006 3896 1051 3960 ‚et
1079 3887 1234 3998 glorioso
1267 3899 1356 3949 sem-

43 4014 175 4088 perque
196 3994 334 4085 virgilie
358 3991 425 4063 llei
446 3995 613 4084 genitrice
636 3989 744 4062 illaria
758 3999 791 4061 et
813 3993 939 4073 sanctis
957 3988 1137 4084 Apostolis
1160 3994 1225 4050 turs
1254 3980 1360 4067 Petro
1401 4070 1412 4088 ο

10 4176 14 4194 ‚
43 4104 78 4166 et
102 4095 215 4167 Paulo
244 4107 347 4191 atque
378 4094 521 4166 Andrea
551 4094 595 4166 et'
611 4093 720 4165 beatis
755 4090 1021 4180 Confessoribus
1038 4088 1068 4175 6)
1095 4087 1141 4156 ill.
1197 4082 1250 4154 Da
1277 4109 1356 4182 pro-

40 4200 147 4293 pitius
168 4220 297 4293 pacem
313 4201 348 4268 in
371 4197 492 4270 diebus
512 4199 650 4286 nostris,
686 4205 723 4266 ut
758 4183 824 4290 ὀρθ
853 4191 1110 4300 misericordiae
1139 4190 1359 4309 tuanadiuti

30 4394 178 4498 'incaelis
203 4441 259 4499 Sed
273 4441 360 4497 libera
373 4439 544 4515 noeaqralo.
633 4441 663 4508 5)
676 4437 865 4519 intercedente
878 4388 930 4508 pro
944 4426 1032 4485 nobis.
1108 4428 1137 4506 6)
1150 4416 1356 4490 diffinpqppbqg
1412 4472 1421 4488 ⁶

40 4533 69 4584 ol
83 4543 148 4584 cum
163 4525 254 4584 taus
270 4525 350 4583 (loni.
365 4519 418 4583 iuis
434 4525 473 4580 iil.
566 4522 570 4528 '
1107 4521 1185 4670 qq·
