3060 4934
32 806 37 815 “
151 848 155 853 .
199 798 327 858 fritionis
348 797 494 858 obierunt.
536 794 700 856 infantibus
721 797 842 857 mortuis
863 797 928 857 sine
950 795 1106 876 baptismo.
1145 797 1201 859 Ubi
1223 798 1345 861 veroin
1360 798 1497 879 praedirtt

817 298 893 367 340

153 502 158 511 ’
188 471 340 555 vnitentiae
359 477 487 567 siquam.
495 476 526 565 1)
564 489 728 551 Manifestis
748 498 780 550 et
797 490 925 571 publicis
941 490 1165 570 peccatoribus,
1185 493 1235 572 qui
1249 452 1319 553 sibe
1332 493 1498 573 poeniteatis
1526 544 1530 591 Ι

199 596 361 675 perierunt.
403 591 441 652 lis
456 591 493 653 de
507 592 614 672 quibus
626 592 746 672 publice
759 601 892 668 constat,
913 590 992 672 quod
1006 591 1100 678 semet
1114 594 1143 655 in
1159 611 1237 655 auno
1252 612 1315 655 nou
1329 595 1499 675 susceper‘st
1526 603 1530 691 p

198 698 386 757 Sacramenta
403 692 609 757 confessionis
630 701 660 753 et
675 691 895 755 communionis
919 696 947 753 in
962 694 1073 755 Paaoba
1088 703 1119 755 et
1133 695 1246 775 absque
1264 696 1328 759 ulto
1343 697 1434 775 siguo
1444 686 1497 759 aba·
1526 697 1530 812 ἰ

197 899 315 961 casibus
330 898 447 960 dubium
461 899 641 974 occurrerit,
660 896 832 960 ordinarius
846 898 1025 960 consulatur.
1033 884 1065 984 ¹)

635 1021 928 1118 Exequiarum
956 1023 1074 1095 ordo.

302 1150 470 1213 Constituto
486 1149 545 1226 die,
562 1168 620 1229 qno
636 1168 743 1231 corpus
757 1150 793 1212 ad
808 1151 963 1215 ecclesiam
978 1147 1171 1212 deferendum
1181 1158 1238 1226 est,
1255 1150 1496 1215 convoceturttle
1526 1221 1530 1242 Ι

198 1273 248 1316 rus
267 1262 298 1315 et
311 1255 360 1315 alii
378 1254 425 1333 qui
441 1253 537 1313 funeri
556 1254 703 1313 intonasse
718 1253 828 1314 debent
842 1263 872 1314 et
885 1255 914 1312 iu
929 1251 1130 1313 Parochialetu
1146 1250 1195 1312 vel
1211 1252 1241 1311 in
1256 1252 1345 1315 aliam
1360 1254 1496 1317 ecclesia!
1527 1261 1530 1320 1

199 1358 280 1417 iuxta
295 1356 353 1417 loci
372 1353 625 1431 consuetudinem,
641 1354 745 1415 ordine
759 1356 985 1415 conveniantne
1000 1355 1073 1415 datis
1087 1355 1178 1414 certis
1192 1372 1355 1435 campanae
1369 1358 1457 1435 signia
1467 1374 1496 1418 eo

155 1464 164 1471 “
199 1458 286 1519 modo
302 1467 332 1518 et
345 1459 402 1517 ritu
417 1474 474 1536 quo
490 1457 518 1515 in
534 1473 570 1516 eo
584 1455 653 1517 loco
669 1457 732 1516 fueri
746 1456 842 1533 solet,
859 1456 1009 1518 Parochus
1023 1456 1140 1517 indutus
1155 1456 1379 1537 superpelliceo
1394 1468 1424 1520 et
1436 1458 1496 1520 stota

199 1563 296 1639 nigra,
311 1560 397 1620 etiam
414 1556 535 1639 pluviali
549 1557 659 1618 eisdem
674 1558 796 1635 coloris,
812 1558 922 1619 clerico
938 1558 1128 1637 praeferente
1143 1555 1267 1618 Crucem
1281 1569 1313 1621 et
1326 1558 1387 1622 alio
1401 1560 1495 1641 aqum

200 1660 400 1737 benedictam,
414 1659 450 1720 ad
465 1659 580 1720 domum
595 1659 726 1720 defuncti
741 1678 797 1721 nna
816 1677 880 1721 cnm
898 1659 963 1720 aliis
976 1658 1124 1739 procedit.
1151 1658 1378 1722 [distribuuntur
1392 1646 1494 1747 cercffl

199 1772 230 1825 et
249 1763 448 1838 accendantur
468 1762 621 1823 intortitia.
658 1760 729 1822 uox
745 1763 897 1823 ordinatur
911 1762 1085 1838 Processin,
1108 1761 1359 1840 praecedentibus
1373 1763 1494 1826 fatena
1527 1759 1528 1762 ’

199 1864 501 1939 confraternitatfbus,
517 1863 542 1923 si
555 1865 668 1925 adsint:
685 1873 743 1924 tum
757 1866 891 1944 seqnitur
901 1861 1005 1925 clerus
1019 1863 1163 1941 regularis
1179 1872 1209 1925 et
1221 1864 1387 1927 saecularis
1400 1882 1495 1947 peror-

198 1968 294 2028 dinem
309 1966 429 2046 binique
444 1965 624 2045 proceduut,
645 1965 776 2047 praelata
791 1965 902 2042 cruce,
918 1966 1027 2027 devote
1041 1965 1171 2026 Psalmos
1190 1967 1400 2047 decantantes,
1410 1954 1441 2044 3)
1454 1966 1497 2029 ir·

198 2068 291 2130 rocbo
311 2068 508 2150 praecedente
529 2067 671 2128 feretrum
694 2087 757 2128 cum
778 2067 946 2129 inminibus.
983 2066 1054 2128 lude
1070 2076 1234 2147 sequnntur
1246 2064 1298 2130 alii
1316 2070 1405 2132 funus
1422 2068 1497 2133 conf·

199 2179 293 2232 tentes
309 2179 340 2230 et
357 2187 411 2249 pro
427 2168 566 2229 defuncto
580 2170 637 2228 rite
651 2167 744 2229 Deum
759 2168 954 2248 deprecantes
968 2169 1021 2228 sub
1036 2169 1166 2234 silentio.

300 2270 449 2334 Parnchus
463 2286 548 2346 vero,
562 2278 715 2348 antequam
732 2288 840 2350 corpus
852 2270 1000 2348 efferatur,
1015 2269 1086 2332 illud
1097 2271 1334 2353 adspergitaqua
1346 2272 1498 2336 benedicte·

197 2374 268 2436 dior
290 2374 361 2435 dicit
381 2370 596 2450 antiphonam:
623 2360 661 2433 Si
680 2364 873 2457 iniquitates
891 2363 1135 2435 observaveris
1158 2373 1222 2435 etc.
1243 2381 1273 2434 et
1294 2374 1437 2437 Pssimnn
1453 2365 1498 2439 bs

197 2465 375 2565 profundis
397 2464 542 2533 clamavi
565 2464 607 2534 ad
626 2474 659 2533 te
679 2463 826 2536 Domine
847 2462 956 2559 otest)
979 2484 1009 2535 et
1028 2476 1056 2534 in
1074 2475 1132 2535 fine
1147 2464 1316 2560 Requiem
1338 2479 1498 2541 aeternam

198 2562 287 2640 dona
311 2568 361 2638 eis
380 2565 525 2635 Domine
552 2575 586 2635 et
609 2565 670 2636 lux
691 2576 856 2662 perpetua
878 2568 991 2638 luceat
1012 2570 1071 2640 eis.
1110 2576 1232 2657 Repetit
1245 2577 1444 2661 Antiphonem
1461 2589 1498 2641 to·

198 2690 253 2741 tam
274 2668 312 2743 Si
333 2668 526 2761 iniquitates
545 2676 607 2737 etc.
644 2674 759 2737 lteinde
774 2696 882 2758 corpus
897 2677 1045 2756 efferatur,
1060 2678 1270 2759 Parocbcsque
1285 2678 1323 2743 de
1339 2682 1429 2745 domo
1441 2698 1497 2763 pro

198 2810 424 2825 ———·-=

262 2874 291 2945 l)
307 2866 553 2925 Concilvalentin.
570 2883 594 2922 a.
604 2866 666 2923 853.
683 2884 707 2923 c.
718 2872 750 2926 la
764 2871 815 2941 „ln
833 2871 926 2927 duello
942 2889 1039 2931 caesus
1054 2881 1179 2946 tanquam
1192 2874 1234 2931 sui
1249 2875 1390 2933 bomicids
1403 2883 1432 2933 et
1442 2888 1496 2950 pro

195 2955 272 3028 prise
293 2953 388 3011 mortis
408 2958 574 3024 spontaneus
594 2952 731 3025 appetitor
746 2971 761 3010 a
776 2955 928 3012 dominicae
942 2958 1090 3016 oblationis
1105 2959 1368 3017 commemoratione
1382 2962 1496 3019 laubertus

196 3040 315 3109 ebenus,
338 3053 389 3095 nec
412 3037 530 3093 cadaver
553 3036 612 3093 eius
635 3055 694 3093 curn
715 3040 826 3112 psalmis
847 3041 891 3096 vel
912 3043 1080 3100 orationibus
1103 3042 1136 3100 ad
1150 3044 1316 3115 sepulturam
1330 3042 1495 3102 deducatnr·“

196 3126 332 3180 Doctores
347 3122 420 3179 nrnlti
434 3121 631 3194 ampliaverunt
644 3137 743 3179 nonren
758 3125 845 3181 Duelli
860 3126 894 3182 ad
906 3125 1101 3185 torneamenta
1117 3136 1144 3184 ct
1158 3128 1193 3183 ad
1206 3137 1363 3200 pugnantes
1377 3147 1437 3188 oum
1448 3136 1496 3185 tae

195 3209 235 3266 ris
254 3209 282 3264 in
305 3207 484 3280 spectaculis,
505 3206 601 3277 quibas
615 3206 640 3264 si
656 3218 782 3265 occurrat
799 3211 897 3267 misere
911 3211 981 3267 mori
995 3212 1023 3267 in
1038 3213 1086 3268 tali
1099 3229 1208 3285 pugna,
1228 3213 1311 3285 siqua
1326 3214 1495 3287 poeniteatur

195 3293 260 3350 nibil
276 3292 383 3366 prosint
400 3299 429 3347 et
442 3291 579 3364 sepultura
596 3292 782 3349 ecclesiastica
800 3300 843 3351 est
859 3294 1012 3351 interdicta.

257 3376 288 3451 2)
300 3368 488 3434 itaruffatdus:
504 3374 593 3448 Atque
607 3376 635 3431 in
652 3377 706 3434 boc
720 3393 787 3435 casu
802 3378 976 3435 difficultates
990 3385 1019 3435 et
1031 3379 1112 3435 dubia
1127 3396 1235 3452 semper
1249 3380 1277 3437 in
1290 3383 1495 3457 meliorcmprr·

193 3471 247 3520 tem
263 3461 464 3533 interpretanda
480 3467 551 3519 sunt
592 3498 595 3503 -

256 3549 286 3615 3)
301 3547 526 3616 Chrysostomus:
553 3543 587 3604 Ti
607 3538 769 3622 βούλονται
791 3543 825 3606 uf
843 3539 997 3623 λαμπάδες
1018 3543 1053 3606 ci
1071 3546 1215 3624 pctdpcta
1236 3538 1293 3626 caiz
1313 3538 1497 3626 decidistis

192 3627 264 3705 sbrie
284 3625 410 3709 staporis
431 3625 671 3708 περικέμπομενς
1247 3650 1250 3655 ·

255 3717 287 3795 t)
304 3719 360 3774 laun
375 3724 483 3773 veteres
492 3715 660 3772 christianos
680 3714 787 3785 psalmo
802 3721 832 3770 et
843 3714 951 3784 hymnis
965 3723 1088 3773 mortuos
1102 3732 1168 3775 suos
1182 3716 1333 3775 deduxisse
1348 3723 1440 3775 notum
1452 3719 1495 3771 est

194 3804 420 3873 chrysostomus:
444 3794 507 3860 εἰπὲ
519 3789 584 3899 peip
602 3819 653 3875 pos
674 3799 703 3859 st
721 3791 883 3876 βούλονται
905 3796 938 3859 ot
955 3792 1064 3876 ὕμνοις
1083 3790 1151 3878 ὄυχ)
1173 3794 1227 3862 τόν
1247 3795 1328 3862 dada
1345 3792 1496 3877 acediosa

192 3886 243 3947 aci
266 3879 496 3965 εὐχαριστοῦμεν
521 3905 565 3944 ors
584 3877 708 3954 λοιπόν,
731 3876 920 3959 desecuisset
939 3879 992 3945 τὸν
1010 3876 1225 3960 νῖποθννόντν,4
1251 3878 1301 3949 b'tt
1321 3888 1386 3947 ruia
1404 3876 1497 3947 εὖνιν

193 3963 364 4047 ἀπήλλαξεν
386 3977 456 4042 etc,
478 3966 516 4029 ου’
535 3961 585 4027 bd
607 3969 697 4027 τοῦτο
719 3961 826 4043 ὕμνοις
847 3958 885 4028 ον’
908 3963 959 4028 διά
979 3972 1068 4029 τοῦτο
1087 3970 1274 4052 ψαλμῳδίαι,
1297 3974 1396 4033 ταῦτα
1411 3962 1497 4031 πέντε

192 4052 368 4131 χαιρόντων.
409 4053 558 4111 Concilium
571 4053 736 4110 Arelatense
757 4054 828 4124 apud
843 4053 1002 4127 Severinum
1015 4055 1118 4111 Biuium
1140 4064 1215 4130 post.
1230 4057 1338 4116 Concit.
1352 4056 1382 4119 3.
1409 4054 1496 4117 dreit·

192 4148 270 4198 tense
285 4140 424 4212 probibuit
437 4138 464 4193 in
479 4137 602 4209 exequiis
617 4137 733 4195 carmina
750 4139 864 4211 protana
881 4146 910 4196 et
923 4139 1059 4199 diabolica
1074 4147 1103 4197 et
1116 4142 1271 4213 subiungit:
1294 4142 1348 4214 „Si
1367 4142 1430 4216 quis
1443 4153 1497 4197 car·

192 4231 251 4282 tare
265 4224 405 4283 desideret
419 4221 503 4293 llyric
518 4222 625 4280 eleison
640 4224 762 4283 cnnmtr‘

253 4309 284 4383 5)
299 4310 452 4371 Bellarnrin.
468 4308 496 4365 in
514 4309 611 4365 Psalnn
628 4310 693 4365 129:
707 4308 881 4366 Psalmuslie
895 4309 1098 4380 profundis
1112 4313 1146 4369 ab
1160 4310 1280 4369 ecclesia
1294 4309 1497 4383 amiantum

193 4395 228 4450 ad
241 4395 365 4453 levamen
379 4395 582 4463 Defunctorum,
597 4395 723 4466 quoniam
737 4410 879 4465 precamur
893 4392 921 4448 in
934 4409 1054 4465 persona
1068 4398 1174 4455 animae
1189 4397 1217 4453 in
1231 4397 1399 4470 purgatorio
1412 4394 1496 4455 detor

192 4483 237 4534 tas
257 4487 284 4535 et
305 4479 393 4535 omnia
416 4478 457 4535 ilii
471 4479 573 4550 optime
587 4479 733 4550 quadrant:
757 4493 818 4534 nanr
833 4485 861 4534 et
876 4476 982 4539 animae
995 4482 1059 4540 illae
1073 4490 1137 4541 sunt
1150 4483 1177 4539 in
1191 4481 1310 4555 quodam
1325 4479 1460 4556 profundo
1472 4478 1495 4531 tt

193 4564 343 4619 ascendere
357 4563 481 4636 cupiunt,
497 4570 690 4634 exspectantes
706 4561 922 4622 misericordiam
937 4564 997 4623 bai.
1116 4616 1119 4621 .
1347 4586 1350 4591 ’
