3046 4942
728 272 801 349 146

110 468 283 536 reverenter
309 473 478 554 uuetpieus,
502 469 642 534 umbrbus
670 471 803 534 manibus
829 470 860 531 iu
879 469 968 533 altum
989 469 1088 533 etevat
1115 470 1216 553 usque
1244 471 1283 533 sel
1298 472 1413 548 oesltt,

22 573 47 663 ι’
109 576 265 640 habentem
281 577 409 655 desuper
427 591 544 636 auream
562 575 676 636 stellam
696 592 759 635 eum
774 573 942 637 nominibus
954 572 1010 637 Xll
1024 574 1265 655 Apostolorum,
1279 593 1321 637 ns
1335 567 1414 637 nosti

72 714 77 724 ·
108 678 170 739 lubi
181 681 286 759 possit.
322 679 468 758 Etprimu
483 679 574 738 vertit
586 696 620 739 ee
640 676 676 739 ad
689 678 765 739 lutus
779 676 935 757 Epistulae
947 695 1013 739 onor
1027 694 1138 740 summa
1152 670 1310 757 gravilate
1329 687 1416 759 etptr

109 781 231 842 eandem
254 783 329 843 viam
350 782 510 842 revertitur
533 779 568 841 etl
588 779 716 841 medium
735 776 852 842 alteris:
871 788 976 859 postea
996 779 1102 841 eudem
1121 781 1215 844 rnotlo
1229 782 1326 842 vertit
1343 779 1415 841 seul

108 883 183 943 latus
204 882 376 963 Evangelii,
399 883 449 943 ubi
469 882 658 944 Subliaoono
682 882 843 960 genuflexo
866 890 1001 962 patenum
1022 882 1111 944 tradit
1132 900 1201 944 oum
1222 884 1414 955 Ssommeste

2 993 9 1005 ·
108 985 179 1044 'lum
194 988 290 1064 surgit
304 984 524 1061 subdiaconus,
542 995 572 1045 et
587 987 652 1064 ipse
665 985 815 1045 Diaconos
831 982 924 1045 flectit
938 1002 1053 1062 genus,
1070 983 1168 1047 donee
1179 986 1242 1047 'ille
1255 984 1415 1047 diremerit

108 1095 229 1166 portans
245 1082 629 1177 Sacramentum'Pontilloi,
648 1087 697 1165 qui
712 1087 741 1146 ei
756 1086 925 1146 aduenienti
940 1086 1253 1165 profunde-incitem,
1274 1106 1312 1149 ae
1333 1090 1411 1168 ips-

39 1263 44 1269 ,
107 1199 282 1250 reverenter
296 1189 408 1249 aburat.
438 1187 641 1249 Subdiaoonus
656 1205 729 1248 vero
744 1204 808 1249 eum
823 1189 995 1266 pervenerit
1009 1186 1046 1250 atl
1063 1188 1241 1251 Pontificem
1256 1199 1318 1251 stat
1330 1198 1413 1250 rest·

108 1291 144 1350 ad
165 1292 228 1350 eius
248 1292 404 1351 sinistram.
443 1291 516 1351 Post
536 1291 610 1352 baeu
627 1291 793 1368 Diaconos,
813 1292 963 1369 aouipieus
985 1290 1107 1352 ealleem
1126 1308 1224 1372 parvo
1245 1292 1319 1354 velo
1337 1306 1411 1352 rmeo

107 1382 402 1472 ooopertnmeorlem
416 1391 505 1454 molo
524 1410 558 1454 se
572 1393 660 1453 vertit
679 1393 714 1453 ud
729 1402 884 1471 utrumque
898 1392 973 1453 latus
987 1391 1099 1471 ulteris,
1116 1396 1195 1455 siout
1210 1412 1277 1455 euru
1293 1404 1408 1475 patera·

108 1494 243 1555 tenebat:
267 1505 298 1555 et
311 1494 381 1555 inde
393 1513 458 1555 eum
480 1496 547 1575 ipso
559 1494 652 1556 aulice
666 1495 701 1556 ud
717 1495 853 1555 dextrum
870 1493 946 1555 latus
963 1494 1117 1557 Pontitiois
1129 1497 1259 1558 secedit.
1288 1496 1407 1558 Pontlles

105 1599 283 1659 verosumit
297 1614 381 1659 unam
396 1606 509 1678 partem
524 1596 657 1675 bustiae,
688 1605 717 1658 et
736 1598 822 1658 aliam
844 1599 874 1658 in
895 1587 1080 1677 ‹lues-partes
1094 1597 1201 1660 dividit
1221 1617 1287 1679 pro*
1300 1614 1408 1671 euunrf

107 1700 198 1760 niune
212 1699 335 1761 Diaooui
348 1709 378 1762 et
391 1687 581 1762 Subliaeuni.
621 1685 745 1781 Sumptis
766 1708 862 1761 autem
885 1716 900 1760 a
920 1700 1065 1762 Pontibus
1077 1697 1188 1764 Dbrlsti
1209 1719 1341 1783 eorpore
1352 1698 1405 1780 Βρί-

107 1819 216 1882 eropus
232 1802 395 1864 Gurdlnulis
408 1805 552 1864 assistens
566 1804 694 1884 porrigit
713 1804 740 1863 ei
759 1801 898 1863 calamum
911 1818 1050 1882 aureum,
1069 1820 1128 1883 quo
1140 1807 1301 1881 sauguinis
1312 1810 1405 1885 psrtt!
1440 1796 1442 1801 ’

108 1907 205 1981 sugit,
226 1905 373 1966 residuum
399 1905 547 1966 dimittens
565 1923 621 1985 pro
642 1903 776 1966 Diacono
799 1915 829 1966 et
849 1902 1048 1988 Subdiauono.
1083 1904 1157 1966 'lum
1181 1905 1323 1968 l'untilex
1341 1920 1403 1966 run·
1434 1934 1442 1999 .-

107 2009 234 2067 munioat
246 2006 408 2068 Diaconum
422 2014 547 2066 stantem
560 2017 591 2068 et
605 2014 754 2068 tenentem
770 2005 873 2068 dextra
881 2024 972 2068 manu
985 2007 1118 2086 salirent,
1131 2008 1276 2070 talamum
1291 2010 1404 2070 sinistra:

109 2107 156 2187 qni
176 2117 298 2187 accepto
320 2125 447 2187 corpore
468 2107 576 2170 Christi
598 2108 702 2168 laoiem
722 2108 874 2169 Pontiilcis
895 2109 1045 2171 oseulatur
1063 2119 1093 2172 et
1111 2098 1255 2173 reversus
1274 2112 1308 2172 al
1325 2109 1405 2170 strue

106 2215 220 2289 purtem
240 2210 393 2287 sunguInis
412 2211 503 2287 sugit.
535 2206 648 2271 Eodem
665 2210 754 2272 modo
775 2227 884 2291 eorpus
906 2208 1015 2275 curisti
1038 2214 1168 2293 porrigit
1186 2214 1320 2288 Poutilsx
1337 2208 1402 2273 sut·

83 2324 87 2331 ’
107 2310 344 2372 diacononorum
362 2312 763 2394 segeuubexoetpatenam
782 2321 920 2394 tenente,
941 2316 990 2396 qui
1011 2324 1041 2376 et
1061 2316 1127 2397 lpse
1140 2315 1177 2377 atl
1196 2332 1304 2378 eumn
1314 2313 1403 2375 altaris

107 2414 253 2475 secedens
271 2413 420 2475 residuum
435 2416 587 2494 sauguinis
602 2434 667 2476 curn
681 2415 794 2479 ualamo
807 2419 896 2495 sugit.
936 2417 1018 2479 Unus
1031 2425 1129 2479 autem
1144 2436 1184 2480 ex
1202 2420 1274 2499 ipsis
1288 2417 1401 2498 pertitu-

78 2552 82 2557 -
107 2516 163 2577 lam
178 2500 303 2595 hostiae',
319 2535 394 2597 quae
409 2517 494 2579 eulioi
513 2517 647 2580 demone
663 2512 791 2580 immissu
804 2520 911 2599 iuerat,
925 2519 962 2581 sl
979 2518 1056 2581 labis
1072 2522 1166 2601 ipsius
1180 2521 1284 2582 saliuis
1296 2516 1401 2581 retrsbit

105 2627 135 2679 et
149 2620 246 2680 sumit.

205 2719 350 2781 xxxvii.
381 2721 503 2785 Constat
527 2724 556 2784 in
577 2725 696 2811 antiqua
711 2725 838 2786 ecelesia
860 2726 935 2786 intra
953 2727 1105 2786 missarum
1125 2722 1285 2788 sollemnis
1302 2738 1398 2787 omnen

105 2821 244 2903 populum
269 2806 374 2886 urdine
395 2844 449 2887 suo
472 2812 712 2888 uommunieasse.
753 2826 941 2908 'lepesseute
960 2844 1099 2889 eueeessu
1119 2830 1265 2909 temporis
1285 2827 1400 2897 terrore,

105 2944 170 2987 oum
185 2926 358 3009 plerumque
377 2925 538 2989 celebrans
557 2936 667 2989 tantum
681 2930 901 3021 §aeramentum
915 2939 1066 3007 sumeret,
1084 2938 1149 2991 orta
1163 2939 1212 2992 est
1230 2928 1358 2992 loetrlsr
1368 2924 1398 2985 le

105 3029 249 3105 spirituaii
263 3020 403 3091 llieurum
425 3031 639 3092 communione.
671 3024 836 3093 Posteriori
850 3048 927 3094 seno
940 3032 1004 3112 ipss
1018 3020 1401 3094 eouuuutontetmniste

105 3125 152 3209 vel
168 3137 236 3204 post
246 3128 361 3193 blissam
376 3134 510 3210 invainit,
523 3151 582 3195 uun
598 3136 662 3196 eine
673 3150 777 3212 magna
787 3136 891 3196 rituum
902 3133 1171 3197 ecelesiasticorum
1181 3134 1403 3215 perturbatione·

105 3233 137 3284 ut
151 3232 341 3305 conqueritur
353 3233 450 3297 Bono.
485 3236 748 3314 timoratione,
768 3252 843 3317 quae
856 3247 925 3318 pust
944 3234 1186 3299 communionem
1200 3246 1282 3314 sunt,
1300 3247 1402 3315 senpti

105 3326 145 3384 ita
159 3336 225 3386 sunt
240 3338 432 3416 compositae,
447 3348 479 3401 ut
491 3338 704 3401 multitudinem
718 3342 991 3414 eommunioautium
1004 3340 1188 3418 signilleent.
1228 3340 1404 3420 Quapropter

104 3425 221 3487 Rituale
235 3428 403 3501 Parisieuse
414 3444 480 3503 enni
495 3437 577 3503 1697
592 3444 825 3504 communionem
834 3440 914 3503 Cleri
927 3450 958 3503 et
971 3442 1097 3503 bdelium
1112 3439 1320 3503 irltrs'llisssm
1332 3454 1404 3522 pree
1421 3490 1424 3497 .

105 3529 208 3590 seribit
223 3537 298 3588 teste
311 3531 564 3625 numerarentur
578 3546 654 3606 idem
669 3545 738 3607 alibi
758 3562 877 3625 quoque
895 3543 1049 3607 observari
1064 3552 1200 3605 testatur.

206 3630 428 3694 Distributiouis
441 3639 565 3705 iormula
578 3651 671 3709 variat
684 3646 761 3728 apud
774 3649 920 3727 antiquos.
956 3646 987 3708 lu
1009 3646 1068 3708 rita
1084 3643 1224 3724 Gregorii
1242 3643 1322 3726 apud
1333 3641 1406 3706 lurr-

106 3748 173 3793 nem
186 3733 347 3793 Diaconum
361 3733 482 3813 legitur,
491 3751 650 3806 matronam
664 3748 805 3831 quandam
820 3766 884 3811 outu
899 3748 1061 3826 Gregorius
1075 3749 1217 3825 mysteria
1230 3746 1276 3808 illi
1288 3746 1408 3817 tralers,

90 3831 231 3915 „diceret
258 3831 377 3910 Corpus
389 3834 509 3896 Domini
520 3846 617 3902 trustra¹
628 3858 783 3912 eoruemet
794 3850 926 3912 mnam
940 3856 1038 3929 mum,
1060 3850 1221 3913 subrisisse
1240 3849 1409 3911 relisisse:

106 3927 137 3988 ll
166 3935 245 4010 quod
265 3953 324 4012 ego
346 3936 438 4011 ubtuli
461 3952 568 4021 eorpus
583 3942 691 4009 (lbristi
705 3970 805 4019 vonas.
843 3954 900 4016 Ubi
922 3963 1010 4031 nota,
1030 3952 1186 4015 sollemnis
1211 3952 1306 4014 verbs
1321 3950 1410 4011 luisse

106 4030 488 4102 Sacerdotem-tradentium
503 4062 607 4121 panem
622 4058 651 4111 et
663 4054 777 4116 uinum:
798 4052 917 4137 Coeptus
934 4063 965 4117 et
976 4053 1107 4135 Despuit
1118 4053 1242 4125 ΒΜ
1259 4052 1412 4117 amm!

104 4135 338 4237 subnominatis.
374 4139 468 4207 Por'ro
490 4151 633 4212 sancitum
655 4164 700 4214 est
721 4158 751 4216 iu
777 4157 910 4222 coneilio
933 4156 1166 4237 liotbonugeusi
1183 4175 1266 4221 sees.
1282 4154 1333 4219 tx.
1348 4170 1412 4217 eun·

105 4250 230 4317 gregato
246 4265 252 4303 :
285 4245 368 4307 Nuttt
385 4248 464 4310 luico
482 4256 538 4311 out
555 4251 686 4330 seminus
705 4254 930 4323 memmium
946 4263 980 4322 in
999 4260 1138 4322 mutus
1156 4267 1254 4339 ponat
1279 4257 1413 4337 (utullus

18 4419 25 4432 ο
106 4336 169 4398 lieri
183 4341 326 4421 solebat),
341 4349 397 4409 seut
409 4358 523 4415 tuntum
534 4355 567 4416 in
578 4373 614 4416 os
627 4357 774 4420 etruscum
786 4360 833 4422 luis
845 4332 964 4424 uerbis:
985 4361 1231 4442 CorprtsDomtnt'
1243 4369 1276 4424 et
1286 4358 1417 4440 saw

102 4440 200 4510 prosit
211 4440 264 4503 ttut
275 4445 318 4503 ud
329 4450 532 4516 restrictionem
548 4465 742 4535 peccatorem
761 4468 793 4522 et
803 4464 897 4526 mum
908 4471 1072 4527 munuum.
1108 4465 1196 4545 Apul
1216 4464 1419 4548 nsistpuuu:

103 4531 221 4614 Comus
232 4549 264 4602 et
275 4542 405 4626 &nutu
417 4550 537 4617 om
546 4559 727 4644 meusim
740 4561 853 4627 moun
869 4566 1011 4646 puseus
1031 4566 1129 4629 auu
1141 4567 1237 4629 m
1248 4574 1420 4631 uem
