3046 4942
644 248 650 255 ’
732 277 805 351 aar

18 558 21 564 Ι
112 478 229 561 trophei
244 481 337 542 nostri
354 487 384 539 et
397 492 470 538 sane
485 473 563 535 ntiiis
578 482 624 535 est
642 474 679 536 ad
693 474 912 554 antiquissimos
932 472 1005 533 ritus
1025 469 1283 552 perspiciendum.
1322 470 1416 535 ‘inea

111 583 188 664 quod
210 583 246 644 ad
264 573 494 655 Praefationes‚
518 578 583 638 iere
606 578 703 638 omnis
723 576 853 638 liissaiia
872 574 1056 651 Discursus,
1084 591 1162 654 qnae
1180 583 1255 635 ante
1267 572 1416 636 i‘rideutiai

111 685 229 746 concilii
256 693 388 764 tempora
416 680 555 761 prodiere
582 680 686 740 multas
719 681 873 740 continent
907 678 1064 758 proprias:
1099 677 1138 739 ita
1176 685 1208 736 ut
1252 669 1309 756 pe‘r
1342 687 1415 739 totas

112 785 324 848 occidentalem
349 784 504 846 ecclesiam
521 770 591 861 pius
619 801 705 863 quam
726 781 806 842 mille
821 779 1025 842 Praefationes
1048 779 1075 838 in
1092 797 1146 838 usu
1168 779 1268 839 inisse
1282 781 1351 841 mihi
1364 799 1415 861 per

88 948 93 957 ,
111 907 228 951 suasum
239 890 290 949 sit.

213 1020 272 1084 Iam
291 1040 368 1083 nunc
388 1018 686 1081 strictioreceiesiae
701 1016 854 1099 disciplina
871 1018 925 1080 hos
939 1017 1120 1078 luxuriantes
1137 1015 1356 1077 Praeiationum
1369 1015 1427 1097 pai,

111 1125 196 1186 mites
210 1121 392 1186 circumcidit
406 1131 436 1183 et
450 1122 623 1201 amputavit:
650 1122 771 1182 retinuit
792 1131 887 1181 tamen
909 1120 1014 1180 multas
1039 1120 1175 1200 proprias
1197 1116 1314 1199 cassiae
1333 1118 1419 1209 exorei-⁴
1449 1136 1451 1181 t

110 1226 289 1288 lentissimas
318 1225 453 1305 ccclesia¹
473 1223 631 1286 Gallicana.
676 1223 743 1303 Ipsa
769 1224 873 1284 horum
901 1223 1059 1284 carminum
1088 1223 1199 1293 eximia
1221 1220 1341 1283 indoles
1360 1220 1415 1282 miii
1447 1212 1451 1281 i

110 1305 318 1390 necessitatem
340 1327 465 1407 imponit
485 1326 624 1389 Romanis
652 1326 885 1387 Praefationibus
909 1324 1018 1386 addere
1038 1322 1216 1385 Galiioanas·
1248 1324 1416 1405 Apponimar
1448 1318 1451 1385 ἶ

111 1431 202 1510 igitur
223 1428 600 1519 Praefationes·Eceiesiae
627 1428 768 1488 tietensis
789 1430 944 1508 proprias,
975 1427 1097 1504 dignas,
1126 1444 1203 1507 qnae
1231 1426 1268 1487 ab
1296 1426 1414 1489 omnibus
1448 1476 1451 1517 ἱ

111 1532 260 1611 legantur,
276 1531 312 1592 ab
328 1531 462 1593 omnibns
475 1529 613 1595 laudibus
625 1529 824 1590 celebrentur.
1212 1582 1222 1608 Ι
1255 1546 1263 1559 ·
1332 1580 1340 1593 .
1448 1520 1451 1579 i

640 1700 681 1760 ln
704 1669 920 1768 adventus-

60 1915 64 1923 ·
212 1839 294 1927 yere
308 1837 427 1916 dignum
442 1846 471 1897 et
486 1837 591 1896 iustum
607 1846 663 1913 est,
674 1851 798 1917 aequum
814 1846 845 1897 et
858 1835 999 1912 salutare,
1013 1851 1069 1894 nos
1078 1831 1132 1894 tibi
1146 1853 1269 1916 semper
1277 1845 1309 1897 et
1322 1835 1414 1917 siriam

112 1943 222 2018 gratias
236 1958 341 2016 agere,
362 1940 490 2001 Domine
506 1947 621 2022 sancte,
639 1939 727 1999 Pater
743 1941 942 2019 omnipotens3
960 1936 1193 2013 aeterne-Deus,
1215 1956 1270 2018 per
1285 1937 1414 2000 christun
1449 1930 1451 1935 ’

111 2043 267 2103 Dominum
290 2033 435 2101 no'strum:
462 2056 548 2118 quem
569 2039 687 2118 perdito
700 2041 859 2119 ⁴hominum
880 2042 986 2118 generi
1000 2038 1185 2099 Sairatorem
1206 2042 1373 2102 misericors
1391 2048 1415 2099 et

113 2141 208 2204 iidelis
222 2143 402 2222 promisisti,
425 2141 506 2200 cuius
521 2142 631 2200 veritas
645 2143 804 2203 instrueret
818 2144 948 2220 inscios,
968 2142 1107 2202 sanctitas
1124 2124 1298 2203 iustiiica'ret
1310 2142 1412 2220 impios,
1447 2136 1451 2148 '

111 2245 206 2305 uirtus
220 2243 372 2305 adiuvaret
389 2243 531 2304 iniirmos.
572 2242 646 2304 Dum
664 2262 738 2322 ergo
753 2264 848 2325 prope
863 2253 925 2322 est,
948 2252 979 2305 ut
998 2245 1099 2304 veniat
1117 2262 1207 2323 quem
1224 2245 1358 2307 missurus
1376 2262 1413 2319 es,

113 2355 143 2406 et
161 2346 225 2407 dies
239 2344 362 2423 affulget
375 2344 559 2407 liberationis
574 2356 711 2424 nostrae,
729 2349 759 2408 in
771 2349 826 2409 hac
843 2336 1072 2428 promissionum
1086 2353 1200 2407 tuarum
1216 2347 1271 2408 inde
1283 2347 1336 2427 pria
1349 2363 1412 2423 gau·

112 2447 168 2510 diis
184 2447 357 2510 exultamus.
385 2446 423 2511 Et
436 2447 515 2512 ideo.
578 2458 584 2469 ’
969 2510 973 2518 .

191 2557 195 2568 “
596 2549 648 2611 De
672 2551 702 2612 S.
723 2550 952 2631 Stephano.⁴

212 2685 291 2746 Vere
305 2686 426 2761 dignum
439 2686 588 2745 etinctum
604 2695 660 2761 est,
669 2704 793 2765 aequum
809 2696 839 2747 et
851 2687 989 2763 salutare,
1002 2703 1055 2746 nos
1071 2685 1123 2746 tibi
1138 2698 1261 2768 semper
1273 2698 1304 2750 et
1316 2665 1408 2768 ubique
1448 2760 1451 2777 Ι

110 2788 222 2863 gratias
237 2802 339 2862 agere,
353 2785 480 2845 Domina
498 2795 611 2862 sancte,
634 2788 936 2869 Pateromnipotens,
955 2782 1077 2874 aeterne
1089 2788 1191 2865 Deus,
1211 2808 1268 2870 per
1280 2790 1407 2851 consum
1441 2784 1451 2855 j

15 2901 25 2959 ζ
110 2887 267 2947 Dominum
281 2895 424 2959 nostrum,
436 2887 518 2946 cuins
532 2889 627 2965 gratia
643 2888 746 2950 beatus
755 2890 854 2952 Levita
865 2891 1033 2974 Stephanus
1040 2889 1173 2968 Martyrii
1182 2874 1266 2953 niam
1279 2895 1406 2975 aperiens,
1448 2872 1451 2907 ¹

109 2986 281 3051 Do'minicae
294 2988 445 3050 Passionis
461 2988 647 3069 praedicator
663 3000 693 3051 et
706 2993 835 3053 caritatis
850 2993 905 3054 init
918 2984 1067 3054 imitator(
1086 2993 1125 3054 tte
1139 2993 1220 3056 ideo.
1236 3060 1244 3071 ,

299 3186 325 3255 ·Ι
404 3159 443 3232 ln
466 3157 583 3224 Feria
607 3161 738 3241 quinta
760 3164 795 3223 in
820 3163 1136 3261 Coena-Domini.

185 3282 192 3295 '
210 3293 290 3356 Vere
305 3294 425 3373 dignum
439 3290 469 3356 et
483 3297 595 3357 iustum
604 3305 660 3373 est,
671 3315 795 3376 aequum
811 3308 840 3358 et
854 3298 993 3375 salutare,
1003 3275 1058 3360 nos
1072 3301 1125 3361 tibi
1139 3318 1261 3381 semper
1275 3310 1306 3362 et
1320 3300 1404 3380 uirique

109 3397 221 3474 gratias
235 3413 338 3474 agere,
353 3399 479 3460 Domine
492 3406 611 3475 sancte,
632 3398 720 3459 Pater
736 3402 935 3480 omnipotens,
957 3402 1189 3479 aeternalium,
1207 3422 1265 3483 per
1280 3402 1403 3466 constan

108 3498 264 3558 Dominum
280 3509 532 3577 nostrum‚verum
546 3509 757 3582 aeternumque
767 3503 938 3563 Pontificem
953 3511 983 3562 et
997 3503 1092 3567 solum
1105 3504 1170 3565 sine
1182 3507 1300 3585 peccati
1314 3494 1404 3566 naeus

106 3600 308 3663 sacerdotem:
338 3607 386 3684 qui
414 3606 444 3663 in
472 3603 631 3664 novissima
658 3622 752 3665 coena
771 3605 894 3665 formam
920 3606 1058 3665 sacrificii
1086 3608 1229 3686 perennis
1258 3610 1404 3677 instituens,

107 3703 232 3767 hostiam
247 3722 280 3764 se
294 3705 348 3766 tibi
363 3706 486 3785 primum
502 3704 609 3766 obtulit
624 3715 654 3766 et
668 3708 777 3787 primus
793 3707 892 3766 docuit
908 3706 1023 3769 offerri:
1051 3709 1132 3768 cuius
1154 3727 1246 3771 carna
1266 3728 1322 3791 pro
1339 3707 1405 3771 nobis

107 3805 253 3867 immolata
269 3805 334 3867 dum
351 3809 515 3888 pascimur,
538 3806 711 3869 roboramur
726 3817 756 3869 et
773 3808 839 3870 fuso
853 3809 998 3887 sanguine
1019 3809 1085 3872 dum
1099 3818 1253 3889 potamur,
1274 3812 1406 3875 abluimur·

106 3905 143 3967 Et
156 3908 234 3972 ideo.
276 3922 279 3931 ·

481 4011 521 4073 ln
544 4009 658 4072 resto
681 4009 866 4090 Corporis
894 4012 1050 4076 Christi.

209 4141 287 4205 Vere
301 4147 421 4224 dignum
435 4153 466 4209 et
479 4147 586 4209 iustum
601 4159 656 4225 est,
667 4167 791 4229 aequum
805 4158 835 4209 et
849 4149 989 4228 salutare,
998 4170 1053 4214 nos
1066 4151 1119 4212 tibi
1134 4169 1258 4234 semper
1271 4164 1303 4216 et
1316 4152 1407 4233 nttpo

106 4246 216 4323 gratias
232 4264 334 4326 agere,
349 4250 476 4329 Domine
489 4261 607 4328 sancte,
626 4252 713 4313 Pater
724 4252 928 4331 omnipotens,
952 4264 1074 4315 aeterne
1091 4254 1192 4332 Deus,
1207 4273 1266 4337 per
1279 4256 1408 4320 cunam

104 4343 279 4423 Dominum,
302 4351 349 4428 qui
363 4355 485 4416 remotis
501 4355 659 4416 carnalium
678 4355 858 4427 victimarum
874 4355 1153 4435 inanibus-umbris,
1176 4376 1288 4440 corpus
1309 4368 1338 4421 et
1355 4371 1409 4418 aar·

53 4498 57 4511 .
106 4449 225 4524 guinem
252 4467 337 4510 suum
363 4454 449 4515 nobis
470 4458 500 4517 in
522 4457 697 4552 sacrificium
724 4457 965 4552 commendavit„
980 4468 1013 4521 ut
1037 4461 1067 4519 iu
1089 4460 1169 4539 omni
1192 4460 1410 4525 iooo’ofleratat

103 4551 215 4611 nomini
229 4560 293 4629 trro,
308 4568 385 4631 quae
397 4551 450 4614 tibi
463 4558 526 4617 sota
539 4551 727 4641 complacuit,
737 4559 848 4622 oiriatio
863 4560 976 4622 munda.
999 4560 1031 4623 in
1046 4560 1106 4645 irps
1116 4563 1210 4641 igitar
1222 4557 1409 4628 incusantis
