3046 4942
719 198 833 291 noc'

300 301 554 473 romnus.
809 334 1274 469 Anonosmuos.
1315 374 1322 386 '

100 520 258 605 patenam
290 531 396 602 super
433 500 570 580 calicem
602 511 732 579 interim

103 614 232 684 diceas:
320 665 323 671 -
552 646 560 658 ·

149 705 256 798 Quid
268 709 453 786 retribuam
488 662 635 790 Domino
664 733 733 807 pro
838 710 929 796 Quid
962 704 1149 791 retribuam
1179 711 1329 785 Domino
1351 700 1433 811 pro'

106 810 732 919 omnibus‚quaeretr1bu1tm1b10a-
789 813 969 903 omnibus,
1010 835 1098 907 quac
1132 814 1293 888 retribuit
1328 817 1402 889 mibi

105 908 207 989 lic'em
221 916 595 1011 salutarisaccipiamet
608 916 734 987 n'omen
790 915 941 989 Calicem
954 913 1112 989 salutaris
1125 919 1294 1012 accipiam
1312 930 1343 990 et
1354 942 1402 992 no

105 1021 245 1103 Domini
268 1017 449 1091 invocabo.
496 1017 654 1090 Laudans
685 1020 734 1103 in-
789 1041 868 1091 men
886 1017 1024 1090 Domini
1042 1018 1226 1091 invocabo.
1263 1020 1401 1097 Laudans

106 1120 242 1192 vocabo
262 1120 446 1192 Dominum
470 1119 570 1191 et'ab
591 1122 734 1192 inimicis
789 1119 960 1193 invocabo
970 1118 1154 1193 Dominum
1168 1132 1205 1193 et
1218 1121 1262 1195 ab
1276 1126 1400 1198 inimicis

108 1226 193 1296 meis
208 1220 327 1296 salvus
341 1244 413 1294 ero.
616 1298 619 1302 ,
791 1226 876 1296 meis
894 1212 1102 1318 salvus'ero.
1168 1288 1174 1300 .
1237 1300 1243 1311 ,

158 1325 291 1419 Accipit
317 1327 453 1396 emicem
495 1314 595 1398 mono
613 1327 736 1398 dectro

109 1437 142 1499 et
153 1449 193 1498 eo
205 1449 243 1497 ae
255 1451 392 1521 opacas
404 1428 500 1500 decet

161 1527 309 1621 Sanguis
342 1527 480 1600 Domini
515 1531 623 1601 nostri
657 1527 737 1604 Iesu
842 1527 919 1599 Deo
942 1530 1082 1620 gratias
1102 1527 1179 1600 Deo
1195 1532 1338 1622 gratias
1358 1554 1399 1601 ac

112 1620 237 1703 Christi
263 1631 431 1708 custodiat
458 1633 603 1702 animam
627 1653 737 1703 rocam
792 1641 891 1727 cepta
918 1626 1043 1722 Christi
1074 1652 1217 1703 munera
1249 1655 1399 1717 sumamus

110 1735 262 1806 murtam
277 1744 460 1806 aeternam.
490 1734 614 1806 Amen.
792 1732 860 1804 Dei
880 1734 989 1826 gratia
1006 1753 1077 1804 non
1103 1733 1145 1804 ad
1171 1733 1330 1813 iudicium
1351 1734 1400 1808 scd

147 1838 267 1909 Sama!
276 1840 571 1931 totomaaapaaem
580 1861 738 1931 compor—
793 1835 836 1906 ad
849 1833 1034 1909 salvandas
1046 1836 1280 1909 ammasDens
1291 1848 1399 1910 noster

109 1938 218 2013 ticcio
793 1937 917 2030 Agnus
948 1934 1041 2025 Dei,
1069 1941 1126 2033 qui
1148 1937 1242 2009 toliis
1278 1950 1399 2034 peccata

162 2035 339 2108 XXXVII.
361 2039 470 2131 Sipus·
481 2043 739 2111 amicommooi
793 2040 933 2130 mundi,
963 2041 1131 2112 miserere
1145 2037 1263 2111 nobis.
1303 2039 1400 2112 Gloria

20 2214 26 2223 ,
111 2141 242 2213 condi
228 2165 262 2211 ta
275 2139 382 2210 Micca
404 2136 455 2233 (ot
471 2141 573 2234 pon
575 2151 668 2235 opici
688 2165 739 2214 ec
780 2143 887 2215 ·Patri
904 2154 938 2215 ot
957 2119 1045 2212 Filio
1068 2151 1101 2212 et
1117 2131 1269 2262 Spiritui
1293 2141 1398 2215 Sancto

111 2236 251 2336 ciceia)
257 2241 424 2315 sacoma
439 2251 516 2335 post
530 2248 741 2338 comptonam
794 2248 881 2318 sicut
896 2256 971 2317 crat
993 2247 1027 2314 in
1045 2247 1211 2339 principio
1233 2256 1268 2317 et
1284 2254 1408 2317 nuncet

111 2345 310 2449 Sonpaipia
325 2352 505 2445 malequam
524 2367 562 2416 ae
579 2351 740 2441 parificet,
794 2350 829 2420 in
856 2348 995 2420 saecula
1022 2346 1250 2418 saeculorum.
1298 2349 1401 2465 Agnus

112 2454 206 2524 facio
229 2451 459 2569 penalieaiope
474 2457 581 2545 ponat
596 2453 741 2544 portica
795 2449 1207 2544 Dei‚quitollispeccata
1219 2450 1344 2537 mnndi
1355 2451 1401 2519 mi·
1430 2444 1434 2455 '

43 2575 47 2583 ·
112 2555 166 2663 {aa
184 2574 318 2623 consecr
319 2554 426 2621 aloa
412 2574 447 2621 m
467 2578 491 2647 p
490 2553 595 2645 parde
615 2553 686 2645 cel
710 2575 741 2622 ει
795 2575 915 2639 serere
939 2551 1048 2624 nobis.
1088 2549 1235 2645 Suscipe
1259 2552 1401 2648 depreca-

110 2648 555 2750 poociciotcommanicooeii
553 2678 741 2749 superpo-
794 2659 923 2727 tionem
948 2664 1125 2749 nostram,
1160 2656 1218 2746 qni
1250 2655 1349 2728 sedes
1369 2649 1418 2746 ad,

53 2748 61 2760 ⁰
102 2768 247 2844 ianam
279 2759 346 2825 nisi
369 2778 393 2823 a
423 2758 588 2848 principio
613 2760 743 2849 positae
796 2746 952 2829 dextram
971 2757 1085 2851 patris.
1122 2753 1246 2851 Agnus
1269 2757 1342 2844 Dei,
1358 2755 1399 2848 qui

112 2859 270 2951 faeript'
256 2878 291 2925 m
307 2879 331 2950 p
329 2855 434 2946 parte
450 2880 509 2928 oea
535 2857 612 2927 olio
629 2858 742 2929 colice
795 2836 888 2931 toliis
907 2869 1051 2953 peccata
1062 2856 1192 2947 111an
1215 2850 1304 2930 dona
1322 2856 1397 2929 nrib'a

38 3002 67 3062 '.
117 2958 250 3029 inierim
265 2960 413 3028 εείεεεῖεε
432 2968 509 3031 oaie
527 2980 585 3030 eos
600 2960 747 3030 extendit
796 2982 953 3105 pacems·
1060 3017 1070 3034 .

114 3055 777 3160 imteamseooelamolbametproeio
858 3119 865 3131 .

59 3210 65 3223 .
113 3152 444 3255 socitCoaseoaioaem
452 3150 746 3243 diceasOoniitcor
951 3204 958 3219 ·

41 3344 47 3355 ,
117 3258 747 3358 (memoilfflmosaceriiooitmm
957 3307 964 3321 ·
1017 3286 1022 3296 ·

114 3367 745 3460 pampeaoamonttoatmcttaaeoer-
1086 3412 1093 3424 ·
1186 3432 1193 3447 ‚

107 3460 763 3588 iettcudpopolominoort'taacoapeiii·
984 3526 991 3537 .
1040 3463 1045 3529 ἶ

95 3568 212 3645 -diciis
230 3563 435 3649 Misereatur
448 3572 625 3644 vasineio
641 3580 677 3642 et
690 3568 746 3642 in·
867 3588 873 3599 ·

2 3691 39 3737 .·
118 3662 355 3765 dirigentiam
397 3669 648 3745 absolutiouem
678 3680 761 3766 etc„

118 3773 158 3869 (a.
167 3775 212 3849 11.
214 3773 379 3871 idmona
392 3775 652 3869 (leobafarii
620 3801 747 3870 copiaco
939 3860 947 3877 ·

12 3934 16 3941 .
118 3882 424 3973 mociaaupcreos
466 3876 588 3950 Postea
604 3883 746 3973 penalia
768 3926 792 3935 --

118 3970 579 4075 cieaaocripitrnonuatitiatio
584 3973 747 4075 ppmiiem
892 4063 901 4078 Ο
937 4024 941 4031 ·
1097 4028 1103 4039 ·

118 4100 177 4147 aete
217 4093 372 4186 patenam
412 4106 485 4155 com
525 4092 745 4174 mammio
813 4118 816 4123 ·
978 4161 982 4168 ,
1108 4137 1113 4145 -
1159 4116 1185 4166 ,·
1332 4107 1337 4120 ·

38 4184 45 4196 “
118 4178 338 4265 deuteronom
345 4188 459 4281 sumit
474 4208 575 4258 acam
597 4190 749 4289 porticu-
882 4203 889 4214 ·
986 4199 994 4213 ·
1126 4178 1131 4186 ’

119 4279 188 4351 iaia
195 4306 338 4390 quota
342 4288 427 4360 inter
442 4289 595 4392 polimmp
604 4284 649 4359 ui
663 4288 748 4358 tuot·
820 4306 828 4317 ·

107 4402 190 4473 rem
215 4391 301 4454 tanet
316 4379 573 4481 aliquantulam
584 4390 749 4484 elocutam

119 4484 748 4586 copteippriaiem'mpatmrnet
810 4480 872 4499 ’“
