3046 4942
725 238 797 309 122

75 426 80 437 ’
104 453 168 498 cum
183 430 344 496 Germanis.
382 428 425 492 lta
445 431 476 490 in
494 429 653 506 Nativitate
667 429 785 492 Domini
806 422 981 492 recitantur:
1007 430 1067 494 usn
1085 429 1279 508 rccolmuus,
1309 430 1407 494 Gruter

102 555 182 599 nunc
202 551 313 611 omnes,
333 530 433 593 Notus
451 538 522 592 unte
539 531 676 592 coemtio.
711 533 837 594 Saeculo
860 531 1084 596 decimosexto
1114 553 1179 594 cunr
1205 536 1237 594 in
1266 535 1407 612 ingentem

103 639 210 701 molem
225 637 369 699 crevisset
381 636 601 714 sequentiarum
614 652 769 713 numerus,
792 635 942 696 inundanti
957 635 1112 698 Prosarum
1128 637 1260 712 llnmini,
1281 638 1359 716 quod
1375 657 1406 702 es

103 751 187 822 parte
199 740 269 800 satis
285 737 459 799 lutulentum
473 731 592 813 duchat,¹
606 754 748 814 aggerem
763 739 904 819 opposuit
915 738 1052 801 ccclesia.
1074 738 1273 799 Obtruncavit
1285 739 1406 819 Sequen-

103 846 157 905 tias
179 860 297 918 omnes,
327 841 457 919 quinque
477 841 629 920 exceptis,
652 859 727 919 quac
742 840 830 901 hodic
844 842 872 899 io
885 840 984 901 ollicio
1001 840 1133 902 Romano
1151 849 1328 918 cantantur,
1347 860 1404 921 per

104 944 213 1025 pulcris
227 961 299 1002 sane
314 950 343 1001 et
354 939 524 1021 praeclaris.
547 942 631 1002 lavat
644 959 798 1022 apponere
812 942 865 1002 bos
881 935 1245 1005 celebratissimoscantus
1256 944 1414 1004 secundun.

22 1087 24 1091 -
102 1054 213 1107 textum
228 1043 353 1105 blissalls
372 1042 506 1103 Romani.
546 1087 554 1104 .

106 1211 108 1215 ’
204 1196 300 1257 Ριίιιι
315 1203 446 1256 cantatur
460 1196 489 1257 in
502 1194 752 1257 Octaval’ascbali
768 1213 860 1275 usque
873 1147 1099 1258 adDominicam
1112 1197 1236 1258 inAlbis
1252 1152 1399 1258 exclusive.

146 1324 275 1378 Victima
291 1325 410 1393 paschali
423 1325 516 1378 laudes
530 1323 664 1377 immolent
680 1324 834 1378 Christiani.

143 1413 236 1480 Agnus
252 1410 366 1463 redemit
378 1427 453 1477 oues,
467 1409 591 1462 Christus
605 1409 732 1469 innocens
746 1410 817 1480 patri
831 1410 1015 1463 reconciliavit
1029 1417 1195 1479 peccatores.

145 1495 220 1548 Mors
234 1501 263 1546 et
277 1495 334 1546 vite
344 1494 431 1548 duclio
448 1495 594 1548 conflixere
608 1493 742 1546 mirando:
758 1496 811 1548 dux
828 1495 902 1548 vitae'
916 1504 1035 1549 mortuus
1048 1503 1146 1564 regnat
1159 1495 1240 1548 vivus

121 1642 124 1651 Ι
145 1579 195 1632 Dic
209 1578 287 1631 nobis
301 1578 398 1645 Maria,
414 1579 477 1649 quid
492 1576 586 1632 uidisti
600 1578 631 1631 in'
641 1578 705 1632 aial

144 1663 302 1732 Sepulcrum
316 1663 419 1715 Christi
433 1662 551 1716 viventis
567 1672 596 1716 et
610 1663 721 1731 gloriam
735 1663 791 1716 vidi
806 1665 982 1732 resurgentis.

143 1747 286 1816 Angelicos
301 1753 394 1815 temo,
407 1747 538 1802 sudarium
554 1755 583 1800 et
592 1738 698 1801 vestes.

143 1831 270 1887 Surrexit
281 1832 406 1887 Christus
421 1851 485 1902 spes
499 1850 568 1901 mes,
581 1833 728 1902 praecedet
740 1850 787 1887 vos
801 1831 829 1886 iu
841 1833 998 1887 Galilaeam.

142 1918 247 1972 Scimus
260 1917 397 1991 ,Christum
407 1917 557 1971 surrexisse
573 1935 590 1970 ι
604 1917 713 1972 mortuis
727 1934 803 1972 vere.
897 1923 904 1938 ·

144 2002 189 2056 Tu
201 2002 279 2055 nobis
292 2005 380 2055 victer
396 2019 444 2055 rcx
460 2003 596 2056 miserere·
618 2001 710 2056 Amen.
732 2000 855 2056 Alleluia.

204 2123 339 2187 Secunda
347 2124 705 2203 magnacumcelebritate
714 2125 885 2187 decantatur
897 2125 973 2187 iutra
987 2090 1200 2187 hebdomadem
1209 2128 1385 2191 Pentecoste.

144 2255 212 2308 Veni
226 2256 327 2307 Sancte
336 2253 466 2323 Spiritus,
484 2259 513 2308 et
527 2253 619 2307 emitte
634 2254 746 2308 coelitus
758 2255 824 2308 lucis
841 2263 905 2308 tuae
919 2255 1029 2310 radium.
1070 2292 1073 2297 -

143 2340 212 2394 Veui
226 2347 305 2411 pater
320 2355 473 2409 pauperum,-
488 2338 550 2394 veui
563 2339 643 2393 dator
656 2357 800 2412 munuum,
814 2341 877 2395 veui
888 2341 974 2394 lumen
990 2339 1115 2418 cordium.

142 2424 302 2480 Consolator
316 2423 425 2495 optime,
436 2424 520 2479 dulcis
536 2423 635 2495 hospes
652 2426 762 2495 animae,
777 2427 855 2479 dulce
863 2426 1045 2495 refrigerium.

142 2512 173 2564 lu
188 2510 280 2563 labore
295 2508 409 2580 requies,
420 2510 448 2562 io
463 2518 540 2563 aestu
553 2511 705 2580 temperies,
723 2510 751 2563 io
770 2510 836 2580 lietu
850 2509 982 2567 solatium.

143 2597 168 2649 0
182 2595 226 2649 lux
240 2592 394 2648 beatissima
407 2594 482 2665 reple
498 2595 587 2649 cordis
600 2594 692 2648 intima
706 2602 811 2648 tuorum
820 2594 944 2648 lideiium.

141 2681 207 2734 Sine
220 2687 268 2733 tuo
283 2664 386 2732 humine
397 2680 462 2733 nihil
477 2687 519 2733 est
532 2679 559 2731 in
575 2679 688 2747 homine,
704 2680 770 2732 nibil
780 2689 824 2733 est
833 2680 976 2732 innoxium.

143 2766 217 2817 Lava
231 2764 303 2833 quod
316 2768 357 2814 est
366 2764 513 2830 sordidum,
525 2764 588 2832 rige
601 2765 673 2832 qued
688 2773 731 2817 est
742 2765 851 2832 aridum,
866 2759 932 2817 saus
946 2765 1017 2831 quod
1031 2770 1074 2817 cst
1086 2766 1215 2835 saucium.

142 2849 237 2900 blecte
250 2846 320 2916 quod
338 2855 381 2899 est
395 2848 517 2917 rigidum,
531 2850 595 2901 teve
609 2848 679 2918 quod
690 2857 733 2903 est
746 2849 881 2921 frigidum,
893 2868 960 2918 rege
975 2850 1045 2919 quod
1060 2859 1102 2903 est
1114 2851 1230 2905 devium.

54 3002 58 3010 ἱ
141 2934 184 2987 De
196 2931 250 2986 tuis
264 2931 407 2985 fidelibus'
399 2949 426 2985 ιιι
444 2941 472 2988 te
487 2933 681 2986 conlidentibus
695 2952 798 2987 sacrum
812 2934 1001 3006 septenarium.

140 3019 181 3072 Da
196 3015 305 3081 uirtutis
320 3016 496 3090 meritonae
510 3016 603 3071 salutis
618 3019 728 3086 exitum,
743 3019 776 3072 du
792 3037 909 3088 perenne
923 3018 1054 3088 gaudium.
1076 2992 1168 3071 Amen.
1192 3018 1309 3071 Alleluia.

180 3140 289 3241 Tertia,
299 3141 470 3220 quaevulgo
479 3141 614 3202 tribuitur
623 3142 908 3225 Thumachquinati,
920 3143 1131 3205 oruatFestum
1138 3141 1280 3247 Corporis
1288 3137 1378 3205 Christi.

141 3269 233 3323 Laude
248 3262 313 3323 Sion
329 3269 505 3337 Salvatooem,
520 3272 598 3325 lauda
610 3273 703 3327 ducem
718 3280 746 3326 ct
759 3278 893 3341 pastorem
908 3274 935 3326 in
949 3249 1050 3339 hymnis
1065 3279 1094 3324 et
1108 3271 1231 3334 canticis

140 3358 274 3419 Querulum
288 3364 367 3425 potes
383 3362 494 3410 tantulo
498 3357 566 3430 aude
580 3356 644 3426 quis
656 3359 740 3412 maior
755 3376 824 3411 omns
816 3358 918 3411 laude
931 3377 982 3419 mcc
996 3357 1104 3409 laudare
1120 3357 1236 3414 sufficis.

140 3440 241 3496 Laudis
257 3441 344 3494 thema
355 3440 491 3511 specialis,
506 3442 582 3513 panis
599 3441 674 3493 uivus
689 3451 717 3496 et
731 3442 822 3497 vitalis
837 3443 916 3495 hodie
932 3440 1116 3513 proponitur.⁸

126 3525 249 3590 'Quem’
241 3543 267 3580 ιιι
283 3544 375 3580 sacrae
395 3543 484 3579 merrsa
499 3544 598 3579 coerrse
611 3529 707 3580 turbes
721 3529 832 3580 instrum
850 3528 988 3580 duodenne
1004 3528 1092 3580 datum
1107 3543 1159 3577 non
1176 3525 1324 3596 ambigitur

139 3612 183 3665 Sit
202 3613 257 3664 laus
272 3612 361 3680 piena,
377 3610 414 3663 sit
428 3628 534 3679 sonora,
546 3611 583 3664 sit
598 3612 721 3679 iucunda,
736 3614 773 3666 sit
786 3613 885 3666 decors
899 3611 994 3665 mentis
1008 3611 1141 3670 iubilatio.

138 3784 166 3837 lu
182 3756 232 3835 hiac
247 3799 336 3835 meuse
350 3781 414 3835 noui
428 3782 511 3851 regis,
527 3799 622 3862 uerum
637 3784 740 3837 Pascha
752 3768 920 3852 novaelegis
938 3783 1020 3853 phase
1035 3789 1110 3835 uetus
1124 3781 1271 3834 ternmnt:

140 3870 305 3923 Vetustatem
320 3866 436 3934 saevitas,
451 3868 568 3935 umbram
581 3870 658 3938 sugat
674 3869 784 3936 veritas,
763 3876 900 3922 sanctem
913 3868 960 3922 lux
975 3869 1186 3923 eliminat..

139 3948 239 4024 Quod'
232 3971 258 4007 ιιι
273 3970 356 4009 cocoa
370 3951 510 4006 Chr'lstus
508 3953 595 4020 gessit
605 3953 761 4022 iaciendum,
776 3956 826 4006 boc
842 3955 976 4033 expressit
989 3950 1016 4009 in
1030 3954 1072 4005 sui
1082 3942 1243 4006 memoriam.

140 4038 219 4091 llocti
235 4040 322 4093 sncris
337 4026 476 4105 institutis,
491 4055 595 4107 paoem,
612 4031 697 4090 vinum
713 4039 740 4093 in
757 4038 850 4092 salutis
865 4054 1048 4092 consecramus
1065 4036 1186 4088 hostiam'.

139 4122 241 4190 Douros
255 4125 333 4179 datur
347 4121 516 4191 Christianis,
532 4123 603 4192 quod
617 4123 644 4176 io
659 4141 764 4178 carnern
775 4124 871 4176 transit
885 4124 964 4194 panis
980 4130 1009 4176 et
1023 4123 1111 4175 vinnm
1124 4120 1151 4171 io
1168 4136 1329 4188 sangumem

138 4208 218 4272 Quod
234 4226 286 4268 nou
301 4211 385 4281 copis,
391 4209 469 4296 quod
484 4226 535 4261 oen
549 4209 636 4276 vides,
650 4208 768 4264 arsimus·
780 4196 869 4262 tir-mist
884 4209 952 4262 fides
966 4213 1075 4277 praeter
1087 4221 1173 4260 ιιιιιι
1184 4205 1312 4274 ordinem

139 4296 196 4348 uun
212 4294 328 4347 dirersis
343 4278 494 4366 speciebus
508 4295 593 4363 signis
608 4303 707 4348 uotum
721 4304 750 4348 et
767 4313 817 4348 uon
832 4296 914 4349 nebus
928 4295 1014 4348 lateat
1027 4310 1072 4346 res
1084 4290 1206 4345 eximiae.

139 4382 211 4433 Caro
226 4376 311 4447 cibus,
325 4384 433 4451 sanguis
444 4391 538 4481 petus,
554 4387 641 4435 manet
655 4389 741 4433 umen
755 4379 879 4435 Christus
894 4387 966 4433 totus
982 4368 1038 4431 sub
1047 4385 1158 4445 utraque
1171 4375 1275 4446 specie.

139 4466 160 4517 Λ
175 4464 296 4517 sumente
311 4481 362 4517 uou
377 4467 506 4536 concisus,
521 4485 573 4533 nunt
584 4465 747 4534 confractus,
762 4483 813 4518 nou
829 4463 931 4520 diuisus
946 4465 1049 4534 integer
1064 4459 1207 4530 accipitur.

139 4544 227 4613 Sumit
242 4564 318 4613 uuus,
332 4560 435 4602 sumunt
451 4550 534 4617 spillez
549 4538 673 4622 quamam
688 4548 735 4603 isti
750 4558 851 4605 tantun
865 4548 921 4619 ille,
936 4566 986 4604 uec
999 4550 1119 4617 sumptas
1133 4545 1283 4602 conficitur.
