3060 4934
768 322 864 422 ‚sss

167 519 215 587 ris
236 533 325 608 pane
344 517 418 597 too,
438 505 519 577 dicit
540 503 708 576 Dominus
728 502 772 574 ad
792 502 919 589 Adam,
941 520 1019 571 cunr
1039 508 1203 595 operatus
1220 496 1329 571 irreris
1345 508 1485 589 terrum,

168 636 237 688 non
259 613 350 684 dabit
369 610 500 680 fructus
523 627 619 694 suos,
641 605 703 678 sed
723 607 838 700 spinas
857 614 891 674 et
913 602 1057 674 tribulos
1079 598 1283 693 germinabit
1304 598 1374 671 tibi
1419 600 1487 674 Ρη

168 738 211 789 eo
236 713 327 809 quod
347 711 469 784 audisti
489 730 616 783 vocem
635 711 755 780 uxoris
776 717 858 777 tuae
875 705 957 801 plus
974 725 1076 799 quem
1095 724 1168 775 mer
1191 701 1376 773 maledicta
1395 711 1484 775 terre

167 822 202 890 in
224 838 331 912 opere
353 825 427 901 tuo,
448 833 519 882 non
537 810 629 881 dabit
649 809 781 881 fructus
800 829 882 882 suos
901 805 963 879 sed
982 808 1107 900 spinas.
1147 803 1242 877 Eece
1257 804 1483 898 Adam-queri

166 941 256 993 unus
282 940 303 989 e
326 915 425 988 nobis
451 913 563 996 iactus
583 921 649 996 est,
671 914 786 985 sciens
808 910 935 981 bonum
955 918 989 979 et
1011 908 1163 978 melum..
1185 905 1311 979 Videte
1333 928 1379 979 ne
1397 904 1482 978 ioris

167 1030 280 1096 sumat
314 1019 357 1089 de
391 1017 486 1108 ligno
508 1016 607 1087 'vitae
642 1023 676 1084 et
704 1015 801 1084 vivat
827 1014 863 1081 in
884 1020 1071 1082 aeternum.
1120 1008 1304 1102 Fecitqoe-
1320 1009 1480 1082 Dominus
1518 1070 1522 1077 .

168 1122 284 1195 Adae¹
301 1121 451 1192 tonicam
475 1115 679 1211 pelliceam,
707 1125 742 1186 et
774 1112 881 1184 induit
910 1133 988 1183 eum
1021 1121 1056 1181 et
1081 1112 1146 1182 ait:
1179 1109 1315 1184 Videte.
1361 1104 1478 1183 Glortr

172 1222 307 1295 Videte.
396 1272 402 1288 .
435 1249 438 1256 ¹
1335 1282 1338 1286 .

276 1330 315 1393 m
337 1332 381 1392 sie
403 1331 447 1391 eis
468 1337 552 1389 extra
573 1327 677 1389 eiectis
700 1335 730 1387 et
740 1335 812 1387 ante
825 1324 926 1387 vulsas
941 1323 1088 1385 ecclesiae
1099 1322 1229 1401 genibus
1243 1322 1477 1402 beringemesds
1520 1328 1522 1333 '

171 1433 369 1510 manentibus,
382 1432 415 1493 Ρ.
430 1432 460 1492 in
478 1430 579 1491 limine
597 1430 666 1490 ostii
680 1437 771 1506 smus,
789 1436 909 1488 moneat
926 1444 993 1504 eos,
1007 1425 1086 1506 quod
1100 1425 1138 1486 de
1152 1426 1272 1487 Domini
1285 1424 1477 1493 miserium&

171 1554 232 1597 non
256 1533 433 1614 desperent,
452 1532 506 1593 sed
527 1532 660 1608 ieiuniis,
687 1529 886 1605 orationibus,
911 1526 1220 1609 peregrinationibus,
1241 1527 1476 1605 eleemosnbet

171 1637 238 1699 aliis
253 1635 339 1697 bonis
354 1634 496 1714 operibus
510 1633 684 1712 invigilent,
705 1640 737 1692 ut
749 1632 893 1694 Dominus
908 1629 944 1693 sd
957 1631 1078 1707 dignum
1092 1630 1218 1691 fructum
1231 1647 1324 1691 serae
1335 1630 1474 1710 poeniter-
1519 1682 1522 1695 ,

171 1738 231 1799 tiae
246 1755 300 1798 cos
314 1737 471 1817 perducst;
485 1736 623 1815 quodque
641 1735 716 1796 ieris
729 1733 755 1794 V
769 1736 798 1797 in
813 1733 913 1796 Coena
929 1731 1047 1795 Domini
1061 1731 1201 1810 redet'nt,
1222 1734 1364 1812 quonism
1377 1730 1475 1797 touch

172 1847 301 1901 sanctem
322 1838 479 1899 ecetesiam
499 1836 695 1914 reducentur,
716 1855 801 1916 quem
816 1854 910 1915 usque
924 1844 994 1896 tunc
1008 1833 1124 1912 ingredi
1139 1852 1198 1896 aon
1212 1843 1413 1915 praesument.
1445 1829 1474 1893 tt

172 1958 244 2002 mox
263 1939 407 2001 Pontifice
425 1958 491 2000 cnm
515 1940 711 2020 processione
732 1938 769 1999 ad
791 1937 920 2000 Dborum
941 1936 1104 2013 redeunte,
1131 1935 1237 1998 vaisse
1254 1936 1403 1999 ecclesiae
1420 1941 1475 1996 rntt

174 2041 278 2102 ocnios
293 2058 396 2101 eorum
413 2039 588 2102 clauduntur
603 2048 633 2100 et
646 2040 787 2120 incipitur
799 2039 889 2101 ddisse
903 2047 934 2100 et
947 2038 1123 2119 proceditur¹
1132 2037 1238 2101 ordine
1250 2022 1317 2100 suo.
1324 2026 1357 2126 ¹)

276 2155 363 2216 Feria
375 2156 411 2217 V.
429 2156 549 2218 coense
561 2156 680 2217 Domini
695 2156 745 2234 P.,
770 2158 910 2218 ministris
930 2142 1039 2236 peratis
1057 2164 1089 2218 et
1106 2158 1228 2238 iusuper
1240 2146 1281 2219 IV
1293 2154 1476 2219 Subdiaccsb
1520 2168 1522 2239 j

173 2256 284 2336 pararis
298 2265 328 2318 et
342 2275 400 2318 uno
414 2257 547 2320 Diacono
563 2257 601 2321 de
613 2257 827 2338 antiquioribus
840 2268 929 2339 stqne
943 2258 1161 2322 Arcbidiacono
1174 2261 1338 2342 prosternit
1352 2278 1387 2321 se
1400 2271 1476 2338 snper

172 2355 370 2420 iridistorium
393 2379 492 2423 coram
511 2361 596 2422 altari
616 2360 718 2422 dicens
741 2379 804 2422 com
824 2362 967 2443 praefatis
988 2362 1131 2422 ministris
1148 2371 1178 2424 et
1192 2361 1274 2425 clero
1289 2361 1344 2423 vll
1358 2360 1476 2423 Peritum

172 2459 402 2538 poenitentiales
423 2473 454 2524 et
474 2462 613 2525 Litsniss.
647 2463 840 2524 Poeniteutes
862 2481 936 2525 sero
958 2472 1029 2524 tone
1049 2471 1119 2524 ante
1135 2465 1219 2527 iores
1239 2462 1387 2526 ecclesiae
1404 2460 1477 2526 rodit

173 2556 302 2639 pedibus
323 2555 359 2618 sd
383 2564 489 2619 terram
512 2567 655 2644 prostrati
674 2575 810 2641 manent,
838 2574 976 2628 tenentes
1000 2567 1031 2625 in
1052 2565 1186 2628 manibus
1203 2584 1309 2629 cereos
1331 2566 1477 2628 extinctor.

175 2658 307 2739 cumque
321 2659 352 2717 is
366 2656 488 2718 triariis
502 2652 728 2729 diotmtuerit:
762 2657 890 2730 Omnes
911 2660 1020 2732 sancti
1041 2657 1261 2731 Patriarcbe'e
1283 2669 1319 2731 et
1340 2658 1478 2756 Prophe
1508 2680 1514 2687 ·

51 2772 61 2785 ·
174 2761 232 2821 tae
252 2748 357 2819 Orate
382 2769 446 2842 1)Γο
473 2746 572 2819 110bi⁵
592 2757 941 2838 paullispereuhgismuf
958 2778 989 2830 et
1004 2768 1036 2829 P.
1052 2770 1141 2830 mittit
1152 2769 1188 2831 sd
1205 2771 1400 2834 Poeniteutes
1417 2770 1478 2833 doit

176 2858 382 2937 Subdisconos
407 2856 544 2917 crudeles
564 2874 705 2919 accensas
719 2860 748 2918 in
763 2861 895 2921 menibus
908 2871 1053 2933 mentes.
1094 2872 1153 2947 Qui
1167 2891 1232 2933 cum
1245 2872 1283 2935 ad
1296 2882 1411 2954 portam
1424 2885 1478 2953 per·

176 2961 313 3021 venerint
332 2968 444 3021 stantes
459 2961 488 3019 in
502 2958 603 3021 limine
617 2962 685 3020 ostii
705 2960 828 3023 elevetis
847 2961 980 3023 menibus
994 2971 1152 3035 ostendunt
1163 2975 1222 3036 iltis
1236 2975 1376 3037 candelas
1390 2988 1479 3037 areos

176 3060 371 3122 sardicences
386 3059 599 3140 Antiphonem:
630 3050 722 3126 Vivo
745 3076 824 3146 ego,
847 3054 928 3128 dicit
941 3055 1120 3147 Dominus,
1147 3062 1230 3133 noio
1247 3078 1395 3140 mortem
1411 3084 1481 3165 per·

177 3153 323 3241 ceteris»,
346 3152 408 3226 sed
431 3163 467 3224 ut
485 3158 596 3248 magis
622 3165 843 3229 convertatur
865 3167 900 3228 et
919 3161 1024 3230 vivet.

279 3284 344 3359 Qua
363 3283 443 3346 iinita
458 3287 616 3364 extingunt
630 3303 699 3346 mox
714 3285 794 3366 ipsas
808 3288 944 3349 candelas
959 3306 1057 3351 coram
1071 3289 1130 3352 iliis
1146 3300 1176 3354 et
1188 3302 1381 3357 revertuntur
1395 3295 1429 3358 ad
1448 3294 1483 3357 lo·

179 3402 350 3446 cumcurm.
394 3384 432 3446 Et
447 3387 618 3467 proceditur
635 3386 807 3451 inbitaniis.
849 3389 980 3472 Cumque
995 3390 1102 3453 dictum
1120 3393 1211 3456 inerit
1231 3384 1362 3463 Omnes
1387 3384 1483 3463 sancii

175 3475 349 3571 Martyres
372 3476 476 3549 Orate
502 3501 566 3574 pre
589 3478 700 3568 nobis,
727 3499 797 3552 tunc
810 3493 895 3553 etism
910 3493 1078 3555 subsistitur
1091 3503 1121 3556 et
1135 3495 1168 3558 Ρ.
1183 3498 1272 3560 mittit
1285 3498 1322 3561 ad
1337 3498 1408 3562 ilios
1422 3500 1484 3563 drot

161 3587 253 3650 ,aiios
268 3587 473 3650 Subdieconos
487 3590 575 3651 simiii
589 3588 697 3670 modo,
718 3610 782 3653 oum
797 3593 927 3656 candelis
945 3599 1092 3678 accensis,
1107 3598 1157 3680 qui
1171 3600 1201 3660 in
1216 3599 1322 3663 limine
1338 3604 1410 3664 ostii
1426 3617 1485 3666 eon·

182 3775 376 3786 ——-—-·-··

239 3885 270 3962 1)
284 3886 380 3947 Socr.
392 3887 541 3945 Getasii:
557 3889 632 3945 Ordo
644 3891 789 3961 agentibus
800 3892 934 3964 pubiicum
946 3883 1150 3966 poenitentium.
1173 3896 1295 3970 Suscipis
1306 3914 1370 3954 eum
1379 3898 1419 3955 tv
1429 3895 1489 3955 ierit

176 3986 255 4027 mane
266 3971 293 4028 in
308 3968 637 4045 eapiteouadragesirnae
653 3982 682 4031 et
696 3977 823 4050 cooperis
835 3994 896 4036 eum
906 3978 1013 4036 cilicio:
1031 3996 1096 4039 oras
1111 3996 1163 4055 pro
1175 3997 1210 4038 eo
1221 3989 1249 4038 et
1264 3982 1401 4041 inclaudis
1411 3995 1491 4056 usqne

176 4052 212 4109 ad
224 4055 343 4112 coenem
359 4058 476 4116 Domini.
500 4059 562 4126 ‚Qui
581 4059 680 4117 eodem
699 4060 743 4117 die
758 4061 784 4117 in
800 4063 906 4133 gremio
923 4072 1110 4138 praesentetur
1121 4066 1257 4123 eeclesiae
1268 4074 1298 4123 et
1308 4075 1452 4140 prostrato
1462 4080 1491 4124 eo

175 4138 249 4194 omni
267 4156 385 4215 corpore
402 4144 429 4201 in
446 4150 519 4201 terra
531 4143 578 4200 dat
593 4147 745 4203 orationem
759 4146 885 4205 Pontifex
898 4165 981 4221 super
997 4167 1057 4207 cum
1074 4151 1109 4208 ed
1121 4151 1354 4210 reconciliandum
1364 4154 1393 4210 in
1405 4153 1493 4227 quire

174 4220 253 4279 Feria
266 4223 375 4283 Goenae
389 4229 496 4286 Domini
517 4230 587 4286 sicut
598 4230 635 4287 ibi
647 4232 811 4288 continetur.
824 4262 866 4272 —
880 4234 977 4294 Sacr.
994 4235 1179 4308 Gregorii:
1194 4236 1342 4295 Orationes
1358 4245 1388 4295 et
1398 4239 1495 4295 rme

175 4321 257 4379 super
269 4307 455 4371 Posuiteutem
468 4313 646 4371 confitentem
657 4323 771 4388 peccata
781 4332 829 4373 sue
841 4333 918 4374 more
929 4319 1014 4379 solito
1029 4321 1097 4377 ieris
1112 4322 1213 4389 Diserta
1223 4321 1295 4379 inire
1307 4321 1495 4396 Quadrrperi·

175 4403 254 4450 mam.
276 4391 381 4450 Exaudi
392 4397 506 4454 Domine
517 4417 615 4473 preces
627 4407 736 4457 nostras
747 4404 800 4460 etc.
823 4401 985 4460 Praeseniat
998 4405 1069 4463 huno
1079 4407 1207 4482 tumulum
1219 4413 1294 4464 tuum
1308 4415 1364 4464 etc.
1391 4408 1503 4466 storto

173 4470 287 4631 Dppppp
302 4479 548 4553 supplicationibus
562 4485 664 4545 nostris
680 4491 733 4544 etc.
756 4485 872 4545 Domine
883 4488 956 4548 Deus
971 4499 1084 4563 noster,
1100 4478 1153 4564 'qui
1165 4490 1318 4551 offensione
1333 4501 1434 4581 nostra
1447 4498 1499 4553 etc.

290 4576 335 4618 ra.
