3060 4934
821 284 895 355 342

202 474 205 481 “
308 478 382 539 Dum
403 476 432 536 io
448 470 556 536 Ollicio
576 472 712 536 dicuntur
725 473 839 537 Laudes
854 472 1003 537 Sacerdos
1024 492 1088 537 conr
1103 466 1245 537 ministris
1258 468 1384 556 paratur
1397 475 1433 537 ad
1445 476 1504 537 cels

122 620 126 629 ι
207 579 343 644 brundam
356 577 475 639 llissaur
498 575 673 636 sollemnem
687 595 741 656 pro
756 578 904 639 Defuncto
920 580 945 637 si
961 586 1075 659 tempus
1089 594 1260 655 congruens
1275 576 1371 645 inerit
1384 587 1418 638 at
1432 578 1504 641 iniis

205 683 401 764 depositionis
415 680 445 739 in
459 677 581 739 blissali.
591 664 621 752 1)

254 860 265 877 ,
307 780 402 844 Finita
420 778 508 842 llissa
528 780 676 840 Sacerdos
697 777 833 858 deposita
855 780 954 841 casula
975 798 1028 840 seu
1048 780 1166 860 planeta
1179 789 1211 842 at
1224 780 1399 860 manipulo,
1417 782 1503 861 arripi

204 886 334 969 pluviale
353 885 430 962 nigri
450 882 560 944 coloris
583 891 613 942 et
631 880 834 941 Subdiaconus
849 883 956 961 accipit
970 880 1093 943 Crucem
1110 890 1140 942 et
1154 882 1271 942 accedit
1283 880 1321 945 ad
1336 882 1502 945 ieretrnet

203 1008 237 1052 se
262 990 340 1049 sistit
360 986 397 1047 ad
418 994 505 1065 caput
525 983 656 1044 defuncti
676 1001 739 1042 cum
756 1001 862 1060 cruce,
878 984 990 1045 medios
1006 985 1083 1044 iuter
1097 983 1171 1045 duos
1184 982 1354 1061 Aculytbos
1369 1002 1423 1047 aen
1436 1002 1501 1047 cere

201 1092 330 1153 ierarios
345 1106 409 1150 curn
424 1084 615 1147 Candelabris
631 1092 661 1145 et
675 1083 805 1144 candelis
819 1079 971 1148 accensis:
986 1094 1016 1145 et
1029 1102 1132 1146 omnes
1146 1085 1196 1146 alii
1211 1085 1324 1147 Clerici
1338 1088 1501 1148 veniuntur

203 1192 322 1254 dirotini
342 1191 373 1250 in
391 1186 483 1266 gradu
498 1204 552 1248 suo
567 1205 630 1248 cum
646 1184 776 1246 candelis
790 1188 924 1247 accensis
941 1196 969 1247 et
985 1196 1062 1247 stant
1074 1190 1103 1248 in
1119 1189 1241 1248 circuito
1257 1187 1383 1249 feretri:
1401 1197 1500 1249 tante·

203 1296 302 1374 quitur
314 1291 462 1352 Sacerdos
484 1307 548 1350 com
561 1288 694 1350 Diacono
718 1296 748 1347 et
769 1288 927 1348 assistente
941 1288 1066 1367 aliisque
1084 1290 1226 1350 ministris
1240 1298 1273 1349 et
1286 1290 1367 1351 iacta
1381 1308 1500 1351 raven·

202 1398 242 1456 tia
264 1393 346 1454 altari
368 1393 445 1453 sistit
464 1411 498 1452 se
517 1400 620 1452 contra
637 1407 752 1450 erucem
773 1388 808 1449 ad
828 1387 921 1469 pedes
942 1389 1096 1466 Dolonem,
1116 1398 1203 1471 retro
1217 1391 1499 1477 adstantibusssisi

202 1498 272 1558 stris
289 1494 403 1556 dnobus
416 1476 590 1570 liculptlris,
610 1510 668 1553 uno
683 1509 747 1552 cum
761 1491 911 1554 thuribulo
926 1500 957 1552 et
972 1492 1104 1553 nauicula
1118 1493 1242 1569 insessi,
1256 1492 1359 1555 altero
1372 1512 1434 1555 cun
1444 1510 1499 1555 rsss

201 1616 295 1679 aquae
309 1595 482 1658 benedictae
498 1605 528 1656 et
541 1595 726 1676 aspersorio,
746 1600 777 1654 et
792 1593 939 1671 Acolptbo
954 1611 1008 1654 sau
1021 1592 1139 1654 clerico
1155 1602 1279 1655 tenente
1294 1593 1418 1675 librum,
1429 1594 1497 1657 etse

201 1700 263 1762 lute
278 1700 349 1761 dicit
360 1707 534 1781 sequentem
550 1697 719 1758 Orationem
732 1720 739 1765 ;

202 1855 413 1869 -—-=—

270 1946 298 2019 i)
312 1945 354 2000 lix
368 1944 542 2016 plurimarum
556 1940 733 1997 ecclesiarum
750 1939 815 2010 lege
830 1956 899 1996 nuuc
912 1940 1091 2013 probibentur
1101 1938 1199 1996 blissae
1212 1940 1325 1997 votivas
1339 1941 1376 1999 da
1389 1940 1496 2017 Deprin

200 2031 269 2086 inira
284 2030 412 2085 Octavam
422 2025 616 2098 llpbipbaniae,
631 2041 647 2080 a
661 2023 800 2079 Domiuiea
813 2020 962 2081 Palmarum
977 2022 1109 2096 usquead
1121 2024 1290 2081 Dominicanr
1305 2026 1332 2083 in
1342 2026 1430 2099 Albis,
1441 2026 1498 2084 nnn

200 2114 329 2170 Octavam
343 2112 537 2178 Pentecostes,
553 2106 685 2179 Corporis
702 2107 819 2177 Christi,
833 2108 987 2164 Natiuitatis
1003 2108 1117 2165 Domini.
1148 2108 1316 2167 conceditur
1330 2117 1420 2168 tamen
1431 2111 1497 2169 lin

198 2196 339 2255 sollemnis
354 2210 414 2265 prs
423 2199 551 2248 esenta
565 2192 578 2246 l
582 2208 690 2247 unere
704 2190 828 2248 omuibus
838 2208 991 2263 personam
998 2192 1233 2266 diebuaaxceptis
1239 2194 1286 2251 die
1293 2195 1497 2268 Epiphanius!
1526 2184 1528 2219 ²

197 2281 394 2348 Pentecostes‚
415 2277 547 2350 corporis
562 2276 679 2346 Christi,
699 2275 853 2333 Natiuitatis
871 2277 978 2333 Domini
1000 2285 1028 2333 et
1041 2294 1057 2333 a
1071 2277 1149 2334 lleria
1164 2279 1181 2332 b
1194 2278 1223 2333 iu
1241 2278 1336 2337 Coena
1349 2281 1497 2339 Doniu‘w
1526 2342 1528 2349 ,

198 2380 252 2437 qua
268 2362 630 2421 adDomiuicamPascbatus
645 2359 787 2418 inclusive.
809 2361 994 2431 lrreligiosius
1009 2371 1050 2419 est
1066 2362 1137 2436 quod
1146 2363 1313 2434 praescribit
1321 2364 1497 2422 blissslslloa-

198 2449 345 2506 smutieuse
359 2465 384 2505 a.
399 2448 467 2502 1503
480 2447 581 2517 „Nom
596 2445 622 2502 io
632 2446 752 2503 Paschae
767 2444 811 2501 die
827 2445 908 2502 missa
924 2462 974 2519 pro
989 2446 1125 2503 defunctis
1141 2463 1195 2502 non
1210 2446 1496 2507 caniturnisilnnnssrt

197 2535 359 2607 praescus.“
380 2532 480 2589 blisss
495 2531 531 2587 in
548 2530 605 2588 die
621 2529 823 2587 Obitusscu
838 2530 1293 2604 DepositiooisDelouoti.
1310 2530 1493 2591 introitus

196 2618 325 2691 lleqaieru
341 2624 479 2673 aeternam
494 2615 565 2670 dona
582 2614 622 2671 eis
637 2613 751 2670 Domine
765 2622 793 2669 et
810 2614 856 2670 lux
870 2622 1001 2688 perpetrm
1018 2617 1106 2671 luceat
1120 2608 1189 2674 eis*.
1220 2614 1493 2689 'ladaestbpmsnsin

197 2703 263 2758 Sion
279 2709 308 2756 et
322 2701 371 2757 tibi
386 2699 515 2756 reddetur
530 2706 622 2756 votnm
635 2699 663 2753 in
677 2698 837 2754 Ierusalem:
853 2700 950 2756 excudi
965 2700 1118 2756 orationem
1133 2716 1228 2770 msam,
1243 2701 1280 2757 ad
1294 2708 1323 2758 te
1338 2704 1426 2761 omnis
1438 2714 1492 2759 atrt

195 2780 320 2841 veniet*.
351 2784 478 2854 llequlsm
500 2789 647 2842 aetermam.
681 2781 820 2841 Oratio.
850 2784 923 2840 Deus
944 2784 987 2840 cui
1007 2786 1146 2857 propriam
1162 2791 1205 2841 est
1218 2786 1349 2843 misereri
1360 2790 1492 2860 senparel

195 2884 311 2940 parcere
325 2868 360 2922 cl.
375 2882 403 2937 p.
416 2866 478 2921 299.
507 2865 684 2939 Epistola.
715 2866 934 2938 l.'lbcssal.1ll‚
953 2866 1072 2929 12—17.
1102 2868 1292 2927 Gradnale.
1316 2872 1490 2945 lleqaiesrss·

194 2961 299 3008 ternam
320 2950 391 3007 dona
407 2950 448 3006 eis
463 2950 577 3008 Domine
592 2957 620 3005 et
634 2950 680 3005 lox
693 2958 824 3023 perpetua
839 2952 928 3008 luceat
942 2953 993 3014 eis.
1024 2961 1062 3024 si.
1078 2955 1108 3009 ln
1123 2953 1253 3011 memoria
1270 2961 1386 3014 aeterna
1400 2954 1488 3012 critia-

79 3040 96 3057 ‘
195 3043 270 3106 stus,
290 3037 324 3092 ab
346 3032 484 3091 anditione
504 3035 571 3090 mala
590 3050 643 3089 nou
665 3034 777 3091 timebit.
806 3037 964 3093 Tractus.
994 3037 1247 3094 AbsolveDonrine
1267 3038 1488 3096 coimmundos

193 3120 311 3177 bdelium
327 3119 513 3177 detunctorum
528 3120 562 3175 ab
577 3119 649 3175 omni
663 3119 772 3175 vinculo
787 3117 958 3177 delictorum.
986 3118 1118 3192 litgratia
1133 3130 1177 3178 toa
1190 3122 1246 3179 illis
1258 3132 1486 3181 mconrrsntsne-
1518 3194 1523 3203 1

75 3222 78 3227 ·
153 3230 157 3235 ·
193 3213 303 3262 reantur
317 3202 436 3261 evadere
450 3204 577 3261 iudicium
592 3203 703 3260 ultiouis
718 3212 746 3259 et
761 3203 830 3260 lucis
843 3211 971 3261 aeternae
986 3205 1152 3271 beatitudine
1167 3207 1283 3279 pariroi.
1303 3204 1485 3281 Sequentia

191 3290 257 3346 Dies
272 3291 339 3359 irae,
355 3289 414 3346 dies
428 3289 485 3345 illa.
515 3289 685 3358 Evangel.
702 3285 794 3344 loson.
810 3288 857 3357 xl,
872 3290 950 3342 21-
962 3289 1006 3350 dl.
1038 3290 1081 3347 Di
1085 3291 1291 3347 iartorium
1312 3293 1428 3350 Domine
1440 3288 1486 3347 lau

192 3374 309 3442 Christe,
325 3390 375 3430 rex
389 3374 507 3445 gloriae,
521 3374 607 3429 libera
620 3373 722 3430 animas
737 3373 854 3429 omnium
868 3372 985 3430 bdelium
999 3374 1187 3431 defunctorum
1201 3374 1237 3432 de
1248 3377 1351 3448 poeuis
1363 3376 1487 3435 inlsrnlel

190 3459 225 3516 de
241 3458 376 3531 prolundo
393 3458 468 3529 lacu,
484 3459 569 3515 libers
584 3472 634 3514 eos
648 3457 683 3513 ds
698 3472 748 3514 oro
762 3457 865 3527 lconis,
885 3475 920 3514 ne
933 3458 1080 3516 absorbeat
1094 3475 1144 3516 eos
1160 3466 1295 3532 tartaros,
1311 3477 1348 3518 ne
1363 3457 1487 3519 oadrntis
1503 3492 1507 3499 ·

191 3544 348 3601 obscurum:
369 3544 418 3600 sed
438 3542 555 3613 signifer
575 3550 684 3599 sanctus
704 3541 816 3598 llicbael
837 3550 1026 3615 repraesentet
1046 3560 1095 3601 eas
1116 3544 1143 3599 in
1163 3543 1250 3600 locem
1265 3554 1404 3618 muctam,
1422 3558 1487 3619 pau

190 3630 254 3686 olim
262 3628 388 3685 Abrabae
403 3629 552 3701 promisisti
567 3635 595 3683 et
608 3626 703 3682 semini
716 3626 784 3686 eius.
808 3626 918 3685 llostias
931 3634 959 3683 et
970 3644 1068 3700 proces
1075 3628 1124 3685 tibi
1132 3629 1246 3687 Domine
1252 3630 1344 3689 laudis
1350 3631 1486 3689 oderimus:

188 3722 217 3771 tu
239 3714 347 3786 suscipe
367 3728 419 3784 pro
440 3712 578 3768 animabus
594 3711 648 3768 illis
664 3728 776 3783 quarum
790 3712 872 3767 bodie
892 3713 1045 3769 memoriam
1061 3713 1188 3771 iacimus:
1211 3714 1255 3769 isc
1271 3730 1323 3773 eos
1338 3716 1445 3773 Domine
1458 3712 1487 3768 ds

188 3803 277 3854 morte
291 3797 408 3853 transire
424 3795 459 3852 ad
472 3797 554 3852 vitam
569 3812 646 3868 quam
662 3796 727 3853 olirn
739 3796 1059 3869 promisistiltbrabaest
1068 3797 1239 3854 semiuieius.
1255 3798 1416 3862 Secreta.
1430 3800 1486 3856 rm

188 3882 285 3954 pitiare
306 3897 466 3953 quamamus
481 3880 594 3937 Domine
616 3880 721 3936 animas
742 3881 833 3937 famuli
846 3881 884 3937 tui
898 3881 929 3939 N.
945 3895 996 3954 pro
1012 3898 1063 3954 qua
1079 3883 1195 3940 bostiam
1208 3882 1299 3943 laudis
1312 3885 1365 3943 tibi
1378 3882 1488 3942 mach·

187 3982 254 4034 mus,
270 3966 437 4022 maiestatem
451 3973 524 4023 tuam
537 3962 696 4038 suppliciter
709 3965 902 4036 deprecantes:
918 3973 948 4021 ut
956 3982 1007 4038 per
1017 3965 1085 4022 baec
1097 3967 1142 4039 pia
1155 3967 1321 4040 placationis
1331 3970 1422 4027 omna
1434 3982 1487 4043 ptr

187 4048 282 4105 venire
299 4058 434 4107 mereator
449 4050 483 4106 ad
498 4050 619 4123 requiem
633 4050 831 4123 sempiternam
858 4049 1068 4107 commuuio.
1090 4052 1147 4108 lmx
1160 4058 1272 4109 aeterna
1285 4053 1485 4112 lucebitsisDu·

186 4134 268 4203 mine,
282 4134 456 4191 cumSanctis
471 4136 524 4193 tois
536 4136 564 4191 in
577 4142 716 4191 aeteruum
728 4133 790 4207 quia
804 4134 864 4208 pias
878 4150 918 4192 es.
945 4134 1073 4208 llequicnr
1089 4143 1228 4194 aeternam
1243 4136 1317 4195 ulons
1330 4139 1373 4197 eis
1385 4138 1486 4197 Dosriss

185 4224 214 4275 et
227 4218 273 4273 lox
288 4227 419 4291 perpetua
435 4220 523 4278 luceat
537 4220 586 4276 sis.
608 4210 901 4276 Posicommunio.
923 4220 1034 4277 Praesta
1050 4237 1210 4292 quaesumus
1225 4222 1402 4296 omnipotens
1413 4224 1484 4289 Dm,

185 4309 214 4357 ut
228 4302 316 4357 anima
330 4303 421 4360 lamuli
436 4306 474 4362 tui
488 4306 520 4364 N.
536 4320 606 4379 quae
620 4303 703 4361 bodie
719 4304 753 4359 de
767 4303 821 4360 boc
834 4304 946 4360 sacculo
961 4304 1103 4377 migravit,
1120 4306 1164 4364 bis
1178 4306 1323 4365 sacrillciis
1337 4308 1484 4381 purgatori

186 4401 201 4439 a
217 4386 339 4456 peccatis
353 4390 497 4461 expedita,
518 4388 711 4461 indulgentiam
726 4388 828 4461 pariter
843 4396 871 4445 et
885 4389 1006 4461 requiem
1021 4391 1110 4462 capiat
1124 4392 1327 4463 sempiternam.
1342 4424 1389 4436 —
1403 4394 1432 4449 ln
1446 4389 1483 4445 dia

185 4469 279 4542 tertio,
293 4471 409 4542 septimo
424 4480 452 4529 st
466 4475 608 4544 trigesimo
625 4472 808 4545 depositionis
823 4474 949 4532 Delnuoti
963 4473 1062 4533 dicitur
1072 4475 1154 4533 llissa
1167 4484 1197 4533 at
1210 4492 1308 4551 snper:
1323 4478 1377 4536 sed
1390 4482 1481 4536 muor-

182 4559 227 4610 tur
240 4551 387 4610 Collectae.
