<?xml version="1.0" encoding="UTF-8"?>
<!DOCTYPE html PUBLIC "-//W3C//DTD XHTML 1.0 Transitional//EN"
    "http://www.w3.org/TR/xhtml1/DTD/xhtml1-transitional.dtd">
<html xmlns="http://www.w3.org/1999/xhtml" xml:lang="en" lang="en">
 <head>
  <title>
</title>
<meta http-equiv="Content-Type" content="text/html;charset=utf-8" />
  <meta name='ocr-system' content='tesseract 3.04.00' />
  <meta name='ocr-capabilities' content='ocr_page ocr_carea ocr_par ocr_line ocrx_word'/>
</head>
<body>
  <div class='ocr_page' id='page_1' title='image "./codexliturgicus03danigoog_0412.png"; bbox 0 0 3046 4942; ppageno 0'>
   <div class='ocr_carea' id='block_1_1' title="bbox 642 336 722 407">
    <p class='ocr_par' dir='ltr' id='par_1_1' title="bbox 642 336 722 407">
     <span class='ocr_line' id='line_1_1' title="bbox 642 336 722 407; baseline -0.013 0"><span class='ocrx_word' id='word_1_1' title='bbox 642 336 722 407; x_wconf 70' lang='grc' dir='ltr'><strong>8θῦ</strong></span> 
     </span>
    </p>
   </div>
   <div class='ocr_carea' id='block_1_2' title="bbox 11 513 1332 1126">
    <p class='ocr_par' dir='ltr' id='par_1_2' title="bbox 11 513 1332 1126">
     <span class='ocr_line' id='line_1_2' title="bbox 126 513 1329 614; baseline 0.002 -27"><span class='ocrx_word' id='word_1_2' title='bbox 126 515 221 592; x_wconf 88' lang='lat' dir='ltr'><strong>Deos</strong></span> <span class='ocrx_word' id='word_1_3' title='bbox 250 519 309 614; x_wconf 89' lang='lat' dir='ltr'><strong>qui</strong></span> <span class='ocrx_word' id='word_1_4' title='bbox 332 517 565 590; x_wconf 77' lang='lat' dir='ltr'><strong>humiliatione</strong></span> <span class='ocrx_word' id='word_1_5' title='bbox 590 515 740 592; x_wconf 84' lang='lat' dir='ltr'><strong>flecteris</strong></span> <span class='ocrx_word' id='word_1_6' title='bbox 766 524 803 588; x_wconf 88' lang='lat' dir='ltr'><strong>et</strong></span> <span class='ocrx_word' id='word_1_7' title='bbox 823 513 1054 591; x_wconf 82' lang='lat' dir='ltr'><strong>satisfactione</strong></span> <span class='ocrx_word' id='word_1_8' title='bbox 1078 518 1242 614; x_wconf 82' lang='lat' dir='ltr'><strong>placaris=</strong></span> <span class='ocrx_word' id='word_1_9' title='bbox 1269 540 1329 590; x_wconf 89' lang='lat' dir='ltr'><strong>uo·</strong></span> 
     </span>
     <span class='ocr_line' id='line_1_3' title="bbox 11 618 1329 717; baseline 0 -25"><span class='ocrx_word' id='word_1_10' title='bbox 11 640 96 692; x_wconf 81' lang='lat' dir='ltr'><strong>rem</strong></span> <span class='ocrx_word' id='word_1_11' title='bbox 123 629 202 691; x_wconf 88' lang='lat' dir='ltr'><strong>tuae</strong></span> <span class='ocrx_word' id='word_1_12' title='bbox 227 622 362 717; x_wconf 79' lang='lat' dir='ltr'><strong>pietatis</strong></span> <span class='ocrx_word' id='word_1_13' title='bbox 387 621 513 691; x_wconf 89' lang='lat' dir='ltr'><strong>inclina</strong></span> <span class='ocrx_word' id='word_1_14' title='bbox 537 620 698 717; x_wconf 91' lang='lat' dir='ltr'><strong>precibus</strong></span> <span class='ocrx_word' id='word_1_15' title='bbox 723 621 868 710; x_wconf 81' lang='lat' dir='ltr'><strong>nostris,</strong></span> <span class='ocrx_word' id='word_1_16' title='bbox 897 629 933 693; x_wconf 89' lang='lat' dir='ltr'><strong>et</strong></span> <span class='ocrx_word' id='word_1_17' title='bbox 959 618 1124 717; x_wconf 74' lang='lat' dir='ltr'><strong>capitibus</strong></span> <span class='ocrx_word' id='word_1_18' title='bbox 1149 640 1329 693; x_wconf 88' lang='lat' dir='ltr'><strong>servorum</strong></span> 
     </span>
     <span class='ocr_line' id='line_1_4' title="bbox 13 721 1329 819; baseline -0.002 -24"><span class='ocrx_word' id='word_1_19' title='bbox 13 730 170 813; x_wconf 81' lang='lat' dir='ltr'><strong>tuorum,</strong></span> <span class='ocrx_word' id='word_1_20' title='bbox 191 721 312 794; x_wconf 89' lang='lat' dir='ltr'><strong>borum</strong></span> <span class='ocrx_word' id='word_1_21' title='bbox 331 725 484 793; x_wconf 86' lang='lat' dir='ltr'><strong>cinerum</strong></span> <span class='ocrx_word' id='word_1_22' title='bbox 501 724 703 819; x_wconf 77' lang='lat' dir='ltr'><strong>aspersione</strong></span> <span class='ocrx_word' id='word_1_23' title='bbox 721 723 900 810; x_wconf 75' lang='lat' dir='ltr'><strong>contactis,</strong></span> <span class='ocrx_word' id='word_1_24' title='bbox 917 722 1053 794; x_wconf 83' lang='lat' dir='ltr'><strong>aliunde</strong></span> <span class='ocrx_word' id='word_1_25' title='bbox 1069 724 1236 819; x_wconf 88' lang='lat' dir='ltr'><strong>propitius</strong></span> <span class='ocrx_word' id='word_1_26' title='bbox 1253 744 1329 814; x_wconf 85' lang='lat' dir='ltr'><strong>gra-</strong></span> 
     </span>
     <span class='ocr_line' id='line_1_5' title="bbox 15 824 1332 921; baseline -0.002 -24"><span class='ocrx_word' id='word_1_27' title='bbox 15 826 103 897; x_wconf 82' lang='lat' dir='ltr'><strong>tiam</strong></span> <span class='ocrx_word' id='word_1_28' title='bbox 124 835 204 897; x_wconf 85' lang='lat' dir='ltr'><strong>tuae</strong></span> <span class='ocrx_word' id='word_1_29' title='bbox 223 824 490 897; x_wconf 83' lang='lat' dir='ltr'><strong>benedictionis:</strong></span> <span class='ocrx_word' id='word_1_30' title='bbox 510 834 547 897; x_wconf 91' lang='lat' dir='ltr'><strong>ut</strong></span> <span class='ocrx_word' id='word_1_31' title='bbox 567 847 630 899; x_wconf 88' lang='lat' dir='ltr'><strong>eos</strong></span> <span class='ocrx_word' id='word_1_32' title='bbox 653 834 687 896; x_wconf 88' lang='lat' dir='ltr'><strong>et</strong></span> <span class='ocrx_word' id='word_1_33' title='bbox 704 826 824 921; x_wconf 90' lang='lat' dir='ltr'><strong>spiritu</strong></span> <span class='ocrx_word' id='word_1_34' title='bbox 845 827 1113 921; x_wconf 87' lang='lat' dir='ltr'><strong>compunctionis</strong></span> <span class='ocrx_word' id='word_1_35' title='bbox 1126 824 1276 920; x_wconf 87' lang='lat' dir='ltr'><strong>repleas</strong></span> <span class='ocrx_word' id='word_1_36' title='bbox 1296 832 1332 895; x_wconf 89' lang='lat' dir='ltr'><strong>et</strong></span> 
     </span>
     <span class='ocr_line' id='line_1_6' title="bbox 20 926 1330 1024; baseline 0 -27"><span class='ocrx_word' id='word_1_37' title='bbox 20 948 113 1022; x_wconf 80' lang='lat' dir='ltr'><strong>quae</strong></span> <span class='ocrx_word' id='word_1_38' title='bbox 135 929 223 1000; x_wconf 88' lang='lat' dir='ltr'><strong>iuste</strong></span> <span class='ocrx_word' id='word_1_39' title='bbox 246 926 505 1022; x_wconf 81' lang='lat' dir='ltr'><strong>postulaverint,</strong></span> <span class='ocrx_word' id='word_1_40' title='bbox 531 927 718 1000; x_wconf 88' lang='lat' dir='ltr'><strong>efficaciter</strong></span> <span class='ocrx_word' id='word_1_41' title='bbox 743 926 885 1008; x_wconf 72' lang='lat' dir='ltr'><strong>tribues,</strong></span> <span class='ocrx_word' id='word_1_42' title='bbox 911 938 946 999; x_wconf 89' lang='lat' dir='ltr'><strong>et</strong></span> <span class='ocrx_word' id='word_1_43' title='bbox 971 950 1142 1002; x_wconf 84' lang='lat' dir='ltr'><strong>concesse</strong></span> <span class='ocrx_word' id='word_1_44' title='bbox 1159 934 1330 1024; x_wconf 90' lang='lat' dir='ltr'><strong>perpetuo</strong></span> 
     </span>
     <span class='ocr_line' id='line_1_7' title="bbox 19 1025 901 1126; baseline -0.003 -23"><span class='ocrx_word' id='word_1_45' title='bbox 19 1027 173 1103; x_wconf 83' lang='lat' dir='ltr'><strong>stabilita</strong></span> <span class='ocrx_word' id='word_1_46' title='bbox 199 1039 234 1100; x_wconf 88' lang='lat' dir='ltr'><strong>et</strong></span> <span class='ocrx_word' id='word_1_47' title='bbox 255 1031 378 1100; x_wconf 88' lang='lat' dir='ltr'><strong>intacta</strong></span> <span class='ocrx_word' id='word_1_48' title='bbox 399 1051 540 1102; x_wconf 85' lang='lat' dir='ltr'><strong>manere</strong></span> <span class='ocrx_word' id='word_1_49' title='bbox 560 1029 740 1103; x_wconf 87' lang='lat' dir='ltr'><strong>concedas.</strong></span> <span class='ocrx_word' id='word_1_50' title='bbox 783 1029 860 1102; x_wconf 87' lang='lat' dir='ltr'><strong>Per.</strong></span> <span class='ocrx_word' id='word_1_51' title='bbox 869 1025 901 1126; x_wconf 75' lang='grc'><strong>1“)</strong></span> 
     </span>
    </p>
   </div>
   <div class='ocr_carea' id='block_1_3' title="bbox 20 1146 1332 1554">
    <p class='ocr_par' dir='ltr' id='par_1_3' title="bbox 20 1146 1332 1554">
     <span class='ocr_line' id='line_1_8' title="bbox 127 1146 1330 1248; baseline 0 -29"><span class='ocrx_word' id='word_1_52' title='bbox 127 1147 347 1245; x_wconf 87' lang='lat' dir='ltr'><strong>Omnipotens</strong></span> <span class='ocrx_word' id='word_1_53' title='bbox 373 1152 578 1246; x_wconf 87' lang='lat' dir='ltr'><strong>sempiterne</strong></span> <span class='ocrx_word' id='word_1_54' title='bbox 600 1151 708 1242; x_wconf 84' lang='lat' dir='ltr'><strong>Deus,</strong></span> <span class='ocrx_word' id='word_1_55' title='bbox 735 1154 793 1248; x_wconf 80' lang='lat' dir='ltr'><strong>qni</strong></span> <span class='ocrx_word' id='word_1_56' title='bbox 817 1149 975 1227; x_wconf 87' lang='lat' dir='ltr'><strong>Ninivitis</strong></span> <span class='ocrx_word' id='word_1_57' title='bbox 1002 1152 1037 1222; x_wconf 94' lang='lat' dir='ltr'><strong>in</strong></span> <span class='ocrx_word' id='word_1_58' title='bbox 1062 1153 1180 1222; x_wconf 88' lang='lat' dir='ltr'><strong>cinere</strong></span> <span class='ocrx_word' id='word_1_59' title='bbox 1201 1159 1236 1222; x_wconf 93' lang='lat' dir='ltr'><strong>et</strong></span> <span class='ocrx_word' id='word_1_60' title='bbox 1258 1146 1330 1220; x_wconf 93' lang='lat' dir='ltr'><strong>cili-</strong></span> 
     </span>
     <span class='ocr_line' id='line_1_9' title="bbox 20 1249 1331 1351; baseline -0.002 -27"><span class='ocrx_word' id='word_1_61' title='bbox 20 1251 78 1324; x_wconf 86' lang='lat' dir='ltr'><strong>cio</strong></span> <span class='ocrx_word' id='word_1_62' title='bbox 109 1251 359 1348; x_wconf 87' lang='lat' dir='ltr'><strong>poenitentibus</strong></span> <span class='ocrx_word' id='word_1_63' title='bbox 384 1250 617 1346; x_wconf 78' lang='lat' dir='ltr'><strong>indulgentiae</strong></span> <span class='ocrx_word' id='word_1_64' title='bbox 647 1264 729 1328; x_wconf 87' lang='lat' dir='ltr'><strong>tuae</strong></span> <span class='ocrx_word' id='word_1_65' title='bbox 754 1253 906 1327; x_wconf 90' lang='lat' dir='ltr'><strong>remedia</strong></span> <span class='ocrx_word' id='word_1_66' title='bbox 926 1255 1146 1351; x_wconf 74' lang='lat' dir='ltr'><strong>praestitistis</strong></span> <span class='ocrx_word' id='word_1_67' title='bbox 1175 1249 1331 1324; x_wconf 88' lang='lat' dir='ltr'><strong>concede</strong></span> 
     </span>
     <span class='ocr_line' id='line_1_10' title="bbox 20 1356 1332 1554; baseline -0.002 -127"><span class='ocrx_word' id='word_1_68' title='bbox 20 1356 200 1528; x_wconf 52' lang='lat' dir='ltr'>gffiffls&#39;</span> <span class='ocrx_word' id='word_1_69' title='bbox 217 1356 408 1554; x_wconf 42' lang='lat' dir='ltr'><strong>1¹³¹?stoe</strong></span> <span class='ocrx_word' id='word_1_70' title='bbox 425 1356 594 1429; x_wconf 89' lang='lat' dir='ltr'><strong>imitemur</strong></span> <span class='ocrx_word' id='word_1_71' title='bbox 611 1357 737 1450; x_wconf 79' lang='lat' dir='ltr'><strong>babitu,</strong></span> <span class='ocrx_word' id='word_1_72' title='bbox 760 1367 925 1454; x_wconf 88' lang='lat' dir='ltr'><strong>quatenns</strong></span> <span class='ocrx_word' id='word_1_73' title='bbox 942 1359 1066 1428; x_wconf 89' lang='lat' dir='ltr'><strong>veniae</strong></span> <span class='ocrx_word' id='word_1_74' title='bbox 1082 1375 1332 1455; x_wconf 79' lang='lat' dir='ltr'><strong>prosequamur</strong></span> 
     </span>
    </p>
   </div>
   <div class='ocr_carea' id='block_1_4' title="bbox 123 1584 1332 1668">
    <p class='ocr_par' dir='ltr' id='par_1_4' title="bbox 123 1584 1332 1668">
     <span class='ocr_line' id='line_1_11' title="bbox 123 1584 1332 1668; baseline 0.001 -19"><span class='ocrx_word' id='word_1_75' title='bbox 123 1587 231 1649; x_wconf 85' lang='lat' dir='ltr'><strong>Postea</strong></span> <span class='ocrx_word' id='word_1_76' title='bbox 240 1584 402 1648; x_wconf 74' lang='lat' dir='ltr'><strong>celebrans</strong></span> <span class='ocrx_word' id='word_1_77' title='bbox 414 1587 555 1668; x_wconf 85' lang='lat' dir='ltr'><strong>imposito</strong></span> <span class='ocrx_word' id='word_1_78' title='bbox 571 1587 694 1648; x_wconf 84' lang='lat' dir='ltr'><strong>incenso</strong></span> <span class='ocrx_word' id='word_1_79' title='bbox 708 1587 738 1648; x_wconf 87' lang='lat' dir='ltr'><strong>iu</strong></span> <span class='ocrx_word' id='word_1_80' title='bbox 752 1584 913 1665; x_wconf 85' lang='lat' dir='ltr'><strong>thuribulo,</strong></span> <span class='ocrx_word' id='word_1_81' title='bbox 928 1595 975 1647; x_wconf 87' lang='lat' dir='ltr'><strong>ter</strong></span> <span class='ocrx_word' id='word_1_82' title='bbox 984 1590 1118 1668; x_wconf 83' lang='lat' dir='ltr'><strong>aspergit</strong></span> <span class='ocrx_word' id='word_1_83' title='bbox 1130 1589 1246 1650; x_wconf 87' lang='lat' dir='ltr'><strong>cineres</strong></span> <span class='ocrx_word' id='word_1_84' title='bbox 1256 1606 1332 1668; x_wconf 84' lang='lat' dir='ltr'><strong>aqua</strong></span> 
     </span>
    </p>
   </div>
   <div class='ocr_carea' id='block_1_5' title="bbox 20 1687 1332 2388">
    <p class='ocr_par' dir='ltr' id='par_1_5' title="bbox 20 1687 1332 2388">
     <span class='ocr_line' id='line_1_12' title="bbox 20 1687 1332 1771; baseline -0.001 -21"><span class='ocrx_word' id='word_1_85' title='bbox 20 1687 189 1767; x_wconf 81' lang='lat' dir='ltr'><strong>benedicta,</strong></span> <span class='ocrx_word' id='word_1_86' title='bbox 208 1687 334 1750; x_wconf 87' lang='lat' dir='ltr'><strong>dicendo</strong></span> <span class='ocrx_word' id='word_1_87' title='bbox 347 1687 545 1771; x_wconf 74' lang='lat' dir='ltr'><strong>Antiphonem</strong></span> <span class='ocrx_word' id='word_1_88' title='bbox 559 1687 713 1769; x_wconf 78' lang='lat' dir='ltr'><strong>Asperges</strong></span> <span class='ocrx_word' id='word_1_89' title='bbox 727 1689 793 1749; x_wconf 84' lang='lat' dir='ltr'><strong>sine</strong></span> <span class='ocrx_word' id='word_1_90' title='bbox 806 1697 892 1750; x_wconf 91' lang='lat' dir='ltr'><strong>canto</strong></span> <span class='ocrx_word' id='word_1_91' title='bbox 906 1695 936 1749; x_wconf 87' lang='lat' dir='ltr'><strong>et</strong></span> <span class='ocrx_word' id='word_1_92' title='bbox 950 1689 1016 1749; x_wconf 87' lang='lat' dir='ltr'><strong>sins</strong></span> <span class='ocrx_word' id='word_1_93' title='bbox 1028 1687 1143 1750; x_wconf 86' lang='lat' dir='ltr'><strong>Psalmo</strong></span> <span class='ocrx_word' id='word_1_94' title='bbox 1158 1696 1188 1749; x_wconf 88' lang='lat' dir='ltr'><strong>et</strong></span> <span class='ocrx_word' id='word_1_95' title='bbox 1201 1698 1247 1749; x_wconf 89' lang='lat' dir='ltr'><strong>ter</strong></span> <span class='ocrx_word' id='word_1_96' title='bbox 1260 1687 1332 1749; x_wconf 91' lang='lat' dir='ltr'><strong>ado·</strong></span> 
     </span>
     <span class='ocr_line' id='line_1_13' title="bbox 20 1787 1331 1870; baseline -0.003 -17"><span class='ocrx_word' id='word_1_97' title='bbox 20 1789 65 1854; x_wconf 86' lang='lat' dir='ltr'><strong>let</strong></span> <span class='ocrx_word' id='word_1_98' title='bbox 77 1793 210 1855; x_wconf 86' lang='lat' dir='ltr'><strong>incenso.</strong></span> <span class='ocrx_word' id='word_1_99' title='bbox 231 1789 347 1854; x_wconf 85' lang='lat' dir='ltr'><strong>Deinde</strong></span> <span class='ocrx_word' id='word_1_100' title='bbox 361 1787 481 1869; x_wconf 78' lang='lat' dir='ltr'><strong>dignior</strong></span> <span class='ocrx_word' id='word_1_101' title='bbox 494 1789 641 1853; x_wconf 85' lang='lat' dir='ltr'><strong>Sacerdos</strong></span> <span class='ocrx_word' id='word_1_102' title='bbox 656 1809 694 1852; x_wconf 85' lang='lat' dir='ltr'><strong>ex</strong></span> <span class='ocrx_word' id='word_1_103' title='bbox 709 1789 789 1852; x_wconf 90' lang='lat' dir='ltr'><strong>clero</strong></span> <span class='ocrx_word' id='word_1_104' title='bbox 803 1789 947 1852; x_wconf 88' lang='lat' dir='ltr'><strong>accedeus</strong></span> <span class='ocrx_word' id='word_1_105' title='bbox 961 1788 996 1851; x_wconf 85' lang='lat' dir='ltr'><strong>ad</strong></span> <span class='ocrx_word' id='word_1_106' title='bbox 1010 1790 1103 1852; x_wconf 81' lang='lat' dir='ltr'><strong>altare</strong></span> <span class='ocrx_word' id='word_1_107' title='bbox 1116 1790 1240 1870; x_wconf 86' lang='lat' dir='ltr'><strong>imponit</strong></span> <span class='ocrx_word' id='word_1_108' title='bbox 1253 1790 1331 1850; x_wconf 87' lang='lat' dir='ltr'><strong>ciue·</strong></span> 
     </span>
     <span class='ocr_line' id='line_1_14' title="bbox 20 1888 1330 1975; baseline -0.002 -20"><span class='ocrx_word' id='word_1_109' title='bbox 20 1912 84 1956; x_wconf 86' lang='lat' dir='ltr'><strong>rem</strong></span> <span class='ocrx_word' id='word_1_110' title='bbox 99 1893 269 1956; x_wconf 80' lang='lat' dir='ltr'><strong>celebranti</strong></span> <span class='ocrx_word' id='word_1_111' title='bbox 281 1911 341 1954; x_wconf 92' lang='lat' dir='ltr'><strong>non</strong></span> <span class='ocrx_word' id='word_1_112' title='bbox 357 1891 526 1970; x_wconf 81' lang='lat' dir='ltr'><strong>genuflexo.</strong></span> <span class='ocrx_word' id='word_1_113' title='bbox 561 1892 593 1954; x_wconf 86' lang='lat' dir='ltr'><strong>Si</strong></span> <span class='ocrx_word' id='word_1_114' title='bbox 607 1911 681 1955; x_wconf 87' lang='lat' dir='ltr'><strong>vero</strong></span> <span class='ocrx_word' id='word_1_115' title='bbox 696 1911 755 1955; x_wconf 90' lang='lat' dir='ltr'><strong>nou</strong></span> <span class='ocrx_word' id='word_1_116' title='bbox 769 1891 846 1955; x_wconf 90' lang='lat' dir='ltr'><strong>adsit</strong></span> <span class='ocrx_word' id='word_1_117' title='bbox 859 1892 933 1954; x_wconf 88' lang='lat' dir='ltr'><strong>alios</strong></span> <span class='ocrx_word' id='word_1_118' title='bbox 948 1891 1094 1955; x_wconf 86' lang='lat' dir='ltr'><strong>Sacerdos</strong></span> <span class='ocrx_word' id='word_1_119' title='bbox 1107 1894 1232 1975; x_wconf 85' lang='lat' dir='ltr'><strong>ipsemet</strong></span> <span class='ocrx_word' id='word_1_120' title='bbox 1246 1888 1330 1953; x_wconf 77' lang='lat' dir='ltr'><strong>(lele-</strong></span> 
     </span>
     <span class='ocr_line' id='line_1_15' title="bbox 20 1992 1331 2076; baseline -0.003 -18"><span class='ocrx_word' id='word_1_121' title='bbox 20 1995 109 2059; x_wconf 85' lang='lat' dir='ltr'><strong>brans</strong></span> <span class='ocrx_word' id='word_1_122' title='bbox 130 1995 257 2075; x_wconf 75' lang='lat' dir='ltr'><strong>genibus</strong></span> <span class='ocrx_word' id='word_1_123' title='bbox 278 1993 364 2057; x_wconf 85' lang='lat' dir='ltr'><strong>dexis</strong></span> <span class='ocrx_word' id='word_1_124' title='bbox 385 2013 483 2057; x_wconf 87' lang='lat' dir='ltr'><strong>coram</strong></span> <span class='ocrx_word' id='word_1_125' title='bbox 505 1995 588 2057; x_wconf 90' lang='lat' dir='ltr'><strong>altari</strong></span> <span class='ocrx_word' id='word_1_126' title='bbox 608 1996 666 2058; x_wconf 91' lang='lat' dir='ltr'><strong>sibi</strong></span> <span class='ocrx_word' id='word_1_127' title='bbox 684 1997 741 2076; x_wconf 91' lang='lat' dir='ltr'><strong>ipsi</strong></span> <span class='ocrx_word' id='word_1_128' title='bbox 755 1997 870 2057; x_wconf 85' lang='lat' dir='ltr'><strong>cineres</strong></span> <span class='ocrx_word' id='word_1_129' title='bbox 884 1995 1007 2076; x_wconf 85' lang='lat' dir='ltr'><strong>imponit</strong></span> <span class='ocrx_word' id='word_1_130' title='bbox 1020 1997 1050 2057; x_wconf 91' lang='lat' dir='ltr'><strong>in</strong></span> <span class='ocrx_word' id='word_1_131' title='bbox 1065 1998 1179 2076; x_wconf 83' lang='lat' dir='ltr'><strong>capite,</strong></span> <span class='ocrx_word' id='word_1_132' title='bbox 1200 1993 1272 2057; x_wconf 88' lang='lat' dir='ltr'><strong>nihil</strong></span> <span class='ocrx_word' id='word_1_133' title='bbox 1288 1992 1331 2054; x_wconf 90' lang='lat' dir='ltr'><strong>di·</strong></span> 
     </span>
     <span class='ocr_line' id='line_1_16' title="bbox 20 2087 1330 2178; baseline -0.002 -19"><span class='ocrx_word' id='word_1_134' title='bbox 20 2115 94 2159; x_wconf 86' lang='lat' dir='ltr'><strong>cens</strong></span> <span class='ocrx_word' id='word_1_135' title='bbox 109 2105 139 2158; x_wconf 88' lang='lat' dir='ltr'><strong>et</strong></span> <span class='ocrx_word' id='word_1_136' title='bbox 152 2105 283 2158; x_wconf 78' lang='lat' dir='ltr'><strong>mutatur</strong></span> <span class='ocrx_word' id='word_1_137' title='bbox 297 2098 393 2158; x_wconf 87' lang='lat' dir='ltr'><strong>statim</strong></span> <span class='ocrx_word' id='word_1_138' title='bbox 407 2115 423 2158; x_wconf 87' lang='lat' dir='ltr'><strong>a</strong></span> <span class='ocrx_word' id='word_1_139' title='bbox 436 2096 530 2160; x_wconf 87' lang='lat' dir='ltr'><strong>choro</strong></span> <span class='ocrx_word' id='word_1_140' title='bbox 542 2098 728 2178; x_wconf 77' lang='lat' dir='ltr'><strong>Autipboua:</strong></span> <span class='ocrx_word' id='word_1_141' title='bbox 748 2087 966 2160; x_wconf 76' lang='lat' dir='ltr'><strong>immutemur</strong></span> <span class='ocrx_word' id='word_1_142' title='bbox 983 2088 1096 2160; x_wconf 83' lang='lat' dir='ltr'><strong>habitu</strong></span> <span class='ocrx_word' id='word_1_143' title='bbox 1112 2091 1147 2160; x_wconf 85' lang='lat' dir='ltr'><strong>in</strong></span> <span class='ocrx_word' id='word_1_144' title='bbox 1164 2090 1330 2158; x_wconf 71' lang='lat' dir='ltr'><strong>cinerosi</strong></span> 
     </span>
     <span class='ocr_line' id='line_1_17' title="bbox 21 2188 1330 2287; baseline -0.002 -25"><span class='ocrx_word' id='word_1_145' title='bbox 21 2189 134 2262; x_wconf 92' lang='lat' dir='ltr'><strong>cilicio</strong></span> <span class='ocrx_word' id='word_1_146' title='bbox 155 2199 189 2262; x_wconf 89' lang='lat' dir='ltr'><strong>et</strong></span> <span class='ocrx_word' id='word_1_147' title='bbox 213 2190 388 2286; x_wconf 90' lang='lat' dir='ltr'><strong>ploremus</strong></span> <span class='ocrx_word' id='word_1_148' title='bbox 410 2207 488 2262; x_wconf 87' lang='lat' dir='ltr'><strong>ante</strong></span> <span class='ocrx_word' id='word_1_149' title='bbox 509 2190 710 2263; x_wconf 76' lang='lat' dir='ltr'><strong>Dominum:</strong></span> <span class='ocrx_word' id='word_1_150' title='bbox 739 2193 796 2287; x_wconf 92' lang='lat' dir='ltr'><strong>qui</strong></span> <span class='ocrx_word' id='word_1_151' title='bbox 813 2191 955 2263; x_wconf 85' lang='lat' dir='ltr'><strong>multum</strong></span> <span class='ocrx_word' id='word_1_152' title='bbox 981 2193 1177 2264; x_wconf 89' lang='lat' dir='ltr'><strong>misericors</strong></span> <span class='ocrx_word' id='word_1_153' title='bbox 1203 2198 1256 2263; x_wconf 89' lang='lat' dir='ltr'><strong>est</strong></span> <span class='ocrx_word' id='word_1_154' title='bbox 1279 2188 1330 2260; x_wconf 94' lang='lat' dir='ltr'><strong>di-</strong></span> 
     </span>
     <span class='ocr_line' id='line_1_18' title="bbox 21 2286 1329 2388; baseline -0.001 -25"><span class='ocrx_word' id='word_1_155' title='bbox 21 2294 154 2364; x_wconf 91' lang='lat' dir='ltr'><strong>mittere</strong></span> <span class='ocrx_word' id='word_1_156' title='bbox 186 2298 326 2388; x_wconf 89' lang='lat' dir='ltr'><strong>peccala</strong></span> <span class='ocrx_word' id='word_1_157' title='bbox 358 2302 475 2366; x_wconf 87' lang='lat' dir='ltr'><strong>nostra</strong></span> <span class='ocrx_word' id='word_1_158' title='bbox 501 2292 596 2367; x_wconf 87' lang='lat' dir='ltr'><strong>Deus</strong></span> <span class='ocrx_word' id='word_1_159' title='bbox 616 2302 742 2367; x_wconf 89' lang='lat' dir='ltr'><strong>noster.</strong></span> <span class='ocrx_word' id='word_1_160' title='bbox 791 2302 856 2365; x_wconf 77' lang='lat' dir='ltr'><strong>Alta</strong></span> <span class='ocrx_word' id='word_1_161' title='bbox 881 2286 950 2365; x_wconf 79' lang='lat' dir='ltr'><strong>dut.</strong></span> <span class='ocrx_word' id='word_1_162' title='bbox 998 2292 1092 2365; x_wconf 87' lang='lat' dir='ltr'><strong>inter</strong></span> <span class='ocrx_word' id='word_1_163' title='bbox 1121 2292 1329 2365; x_wconf 85' lang='lat' dir='ltr'><strong>vestibulum</strong></span> 
     </span>
    </p>
   </div>
   <div class='ocr_carea' id='block_1_6' title="bbox 21 2392 1328 2593">
    <p class='ocr_par' dir='ltr' id='par_1_6' title="bbox 21 2392 1328 2593">
     <span class='ocr_line' id='line_1_19' title="bbox 21 2392 1328 2491; baseline 0.002 -27"><span class='ocrx_word' id='word_1_164' title='bbox 21 2404 54 2467; x_wconf 91' lang='lat' dir='ltr'><strong>ot</strong></span> <span class='ocrx_word' id='word_1_165' title='bbox 80 2393 189 2465; x_wconf 90' lang='lat' dir='ltr'><strong>altare</strong></span> <span class='ocrx_word' id='word_1_166' title='bbox 214 2394 395 2491; x_wconf 89' lang='lat' dir='ltr'><strong>plorabunt</strong></span> <span class='ocrx_word' id='word_1_167' title='bbox 421 2393 629 2471; x_wconf 84' lang='lat' dir='ltr'><strong>Sacerdotes</strong></span> <span class='ocrx_word' id='word_1_168' title='bbox 655 2396 797 2468; x_wconf 90' lang='lat' dir='ltr'><strong>ministri</strong></span> <span class='ocrx_word' id='word_1_169' title='bbox 821 2394 888 2466; x_wconf 91' lang='lat' dir='ltr'><strong>Dei</strong></span> <span class='ocrx_word' id='word_1_170' title='bbox 911 2404 946 2467; x_wconf 92' lang='lat' dir='ltr'><strong>et</strong></span> <span class='ocrx_word' id='word_1_171' title='bbox 968 2394 1099 2467; x_wconf 82' lang='lat' dir='ltr'><strong>dicent:</strong></span> <span class='ocrx_word' id='word_1_172' title='bbox 1126 2394 1235 2466; x_wconf 91' lang='lat' dir='ltr'><strong>Parce</strong></span> <span class='ocrx_word' id='word_1_173' title='bbox 1257 2392 1328 2466; x_wconf 88' lang='lat' dir='ltr'><strong>Do·</strong></span> 
     </span>
     <span class='ocr_line' id='line_1_20' title="bbox 21 2494 1327 2593; baseline -0.004 -24"><span class='ocrx_word' id='word_1_174' title='bbox 21 2499 122 2586; x_wconf 83' lang='lat' dir='ltr'><strong>mine,</strong></span> <span class='ocrx_word' id='word_1_175' title='bbox 149 2516 253 2592; x_wconf 90' lang='lat' dir='ltr'><strong>parce</strong></span> <span class='ocrx_word' id='word_1_176' title='bbox 279 2496 407 2593; x_wconf 94' lang='lat' dir='ltr'><strong>populo</strong></span> <span class='ocrx_word' id='word_1_177' title='bbox 433 2505 494 2568; x_wconf 91' lang='lat' dir='ltr'><strong>tuo</strong></span> <span class='ocrx_word' id='word_1_178' title='bbox 520 2506 624 2570; x_wconf 88' lang='lat' dir='ltr'><strong>etue</strong></span> <span class='ocrx_word' id='word_1_179' title='bbox 650 2495 790 2569; x_wconf 89' lang='lat' dir='ltr'><strong>claudas</strong></span> <span class='ocrx_word' id='word_1_180' title='bbox 811 2518 873 2568; x_wconf 90' lang='lat' dir='ltr'><strong>ora</strong></span> <span class='ocrx_word' id='word_1_181' title='bbox 899 2499 1090 2567; x_wconf 87' lang='lat' dir='ltr'><strong>canentium</strong></span> <span class='ocrx_word' id='word_1_182' title='bbox 1111 2505 1145 2569; x_wconf 91' lang='lat' dir='ltr'><strong>te</strong></span> <span class='ocrx_word' id='word_1_183' title='bbox 1170 2494 1327 2568; x_wconf 87' lang='lat' dir='ltr'><strong>Domine.</strong></span> 
     </span>
    </p>
   </div>
   <div class='ocr_carea' id='block_1_7' title="bbox 10 2615 1330 3201">
    <p class='ocr_par' dir='ltr' id='par_1_7' title="bbox 10 2615 1330 3201">
     <span class='ocr_line' id='line_1_21' title="bbox 122 2615 1330 2715; baseline 0 -28"><span class='ocrx_word' id='word_1_184' title='bbox 122 2627 262 2708; x_wconf 80' lang='lat' dir='ltr'><strong>Sequitur</strong></span> <span class='ocrx_word' id='word_1_185' title='bbox 282 2622 326 2710; x_wconf 65' lang='lat' dir='ltr'><strong>li.</strong></span> <span class='ocrx_word' id='word_1_186' title='bbox 367 2616 597 2693; x_wconf 85' lang='lat' dir='ltr'><strong>Emendemus</strong></span> <span class='ocrx_word' id='word_1_187' title='bbox 617 2621 652 2689; x_wconf 93' lang='lat' dir='ltr'><strong>in</strong></span> <span class='ocrx_word' id='word_1_188' title='bbox 673 2618 808 2709; x_wconf 80' lang='lat' dir='ltr'><strong>melius,</strong></span> <span class='ocrx_word' id='word_1_189' title='bbox 831 2638 918 2715; x_wconf 87' lang='lat' dir='ltr'><strong>quae</strong></span> <span class='ocrx_word' id='word_1_190' title='bbox 945 2618 1144 2711; x_wconf 83' lang='lat' dir='ltr'><strong>ignoranter</strong></span> <span class='ocrx_word' id='word_1_191' title='bbox 1168 2615 1330 2710; x_wconf 88' lang='lat' dir='ltr'><strong>peccavi-</strong></span> 
     </span>
     <span class='ocr_line' id='line_1_22' title="bbox 18 2719 1328 2818; baseline -0.003 -26"><span class='ocrx_word' id='word_1_192' title='bbox 18 2740 113 2793; x_wconf 75' lang='lat' dir='ltr'><strong>musc</strong></span> <span class='ocrx_word' id='word_1_193' title='bbox 136 2742 181 2792; x_wconf 90' lang='lat' dir='ltr'><strong>ne</strong></span> <span class='ocrx_word' id='word_1_194' title='bbox 203 2719 314 2793; x_wconf 90' lang='lat' dir='ltr'><strong>subito</strong></span> <span class='ocrx_word' id='word_1_195' title='bbox 340 2724 582 2818; x_wconf 89' lang='lat' dir='ltr'><strong>praeoccupati</strong></span> <span class='ocrx_word' id='word_1_196' title='bbox 601 2721 656 2795; x_wconf 91' lang='lat' dir='ltr'><strong>die</strong></span> <span class='ocrx_word' id='word_1_197' title='bbox 675 2722 808 2811; x_wconf 74' lang='lat' dir='ltr'><strong>mortis,</strong></span> <span class='ocrx_word' id='word_1_198' title='bbox 830 2740 1033 2816; x_wconf 87' lang='lat' dir='ltr'><strong>quaeramus</strong></span> <span class='ocrx_word' id='word_1_199' title='bbox 1053 2720 1197 2814; x_wconf 90' lang='lat' dir='ltr'><strong>spatium</strong></span> <span class='ocrx_word' id='word_1_200' title='bbox 1210 2719 1328 2814; x_wconf 87' lang='lat' dir='ltr'><strong>poeni-</strong></span> 
     </span>
     <span class='ocr_line' id='line_1_23' title="bbox 13 2821 1328 2921; baseline -0.002 -27"><span class='ocrx_word' id='word_1_201' title='bbox 13 2826 144 2897; x_wconf 85' lang='lat' dir='ltr'><strong>tentiae</strong></span> <span class='ocrx_word' id='word_1_202' title='bbox 178 2832 227 2913; x_wconf 63' lang='lat' dir='ltr'><strong>et⁸</strong></span> <span class='ocrx_word' id='word_1_203' title='bbox 242 2825 398 2896; x_wconf 91' lang='lat' dir='ltr'><strong>invenire</strong></span> <span class='ocrx_word' id='word_1_204' title='bbox 424 2846 495 2897; x_wconf 93' lang='lat' dir='ltr'><strong>non</strong></span> <span class='ocrx_word' id='word_1_205' title='bbox 520 2827 699 2921; x_wconf 88' lang='lat' dir='ltr'><strong>possimus.</strong></span> <span class='ocrx_word' id='word_1_206' title='bbox 751 2822 902 2897; x_wconf 84' lang='lat' dir='ltr'><strong>Attouda</strong></span> <span class='ocrx_word' id='word_1_207' title='bbox 928 2821 1074 2894; x_wconf 89' lang='lat' dir='ltr'><strong>Domino</strong></span> <span class='ocrx_word' id='word_1_208' title='bbox 1101 2830 1136 2892; x_wconf 89' lang='lat' dir='ltr'><strong>et</strong></span> <span class='ocrx_word' id='word_1_209' title='bbox 1161 2822 1328 2893; x_wconf 89' lang='lat' dir='ltr'><strong>miserere</strong></span> 
     </span>
     <span class='ocr_line' id='line_1_24' title="bbox 11 2925 1326 3022; baseline -0.003 -24"><span class='ocrx_word' id='word_1_210' title='bbox 11 2927 97 3022; x_wconf 80' lang='lat' dir='ltr'><strong>quia</strong></span> <span class='ocrx_word' id='word_1_211' title='bbox 119 2927 339 3017; x_wconf 87' lang='lat' dir='ltr'><strong>peccavimus</strong></span> <span class='ocrx_word' id='word_1_212' title='bbox 361 2925 429 2997; x_wconf 88' lang='lat' dir='ltr'><strong>tibi</strong></span> <span class='ocrx_word' id='word_1_213' title='bbox 476 2926 616 2999; x_wconf 81' lang='lat' dir='ltr'><strong>Adiuva</strong></span> <span class='ocrx_word' id='word_1_214' title='bbox 641 2950 707 3002; x_wconf 94' lang='lat' dir='ltr'><strong>nos</strong></span> <span class='ocrx_word' id='word_1_215' title='bbox 729 2926 826 3001; x_wconf 87' lang='lat' dir='ltr'><strong>Dens</strong></span> <span class='ocrx_word' id='word_1_216' title='bbox 852 2925 1010 2999; x_wconf 89' lang='lat' dir='ltr'><strong>salutaris</strong></span> <span class='ocrx_word' id='word_1_217' title='bbox 1030 2934 1164 2998; x_wconf 78' lang='lat' dir='ltr'><strong>nostera</strong></span> <span class='ocrx_word' id='word_1_218' title='bbox 1191 2932 1226 2996; x_wconf 88' lang='lat' dir='ltr'><strong>et</strong></span> <span class='ocrx_word' id='word_1_219' title='bbox 1248 2943 1326 3018; x_wconf 93' lang='lat' dir='ltr'><strong>pro-</strong></span> 
     </span>
     <span class='ocr_line' id='line_1_25' title="bbox 10 3023 1325 3121; baseline -0.003 -23"><span class='ocrx_word' id='word_1_220' title='bbox 10 3038 95 3121; x_wconf 83' lang='lat' dir='ltr'><strong>pter</strong></span> <span class='ocrx_word' id='word_1_221' title='bbox 129 3023 295 3094; x_wconf 89' lang='lat' dir='ltr'><strong>bonorem</strong></span> <span class='ocrx_word' id='word_1_222' title='bbox 320 3028 465 3100; x_wconf 91' lang='lat' dir='ltr'><strong>nominis</strong></span> <span class='ocrx_word' id='word_1_223' title='bbox 487 3031 537 3099; x_wconf 93' lang='lat' dir='ltr'><strong>tui</strong></span> <span class='ocrx_word' id='word_1_224' title='bbox 560 3030 707 3100; x_wconf 87' lang='lat' dir='ltr'><strong>Domine</strong></span> <span class='ocrx_word' id='word_1_225' title='bbox 732 3028 841 3101; x_wconf 90' lang='lat' dir='ltr'><strong>libera</strong></span> <span class='ocrx_word' id='word_1_226' title='bbox 865 3049 940 3100; x_wconf 92' lang='lat' dir='ltr'><strong>nos.</strong></span> <span class='ocrx_word' id='word_1_227' title='bbox 992 3025 1143 3099; x_wconf 76' lang='lat' dir='ltr'><strong>Adtende</strong></span> <span class='ocrx_word' id='word_1_228' title='bbox 1169 3024 1325 3098; x_wconf 89' lang='lat' dir='ltr'><strong>Domine.</strong></span> 
     </span>
     <span class='ocr_line' id='line_1_26' title="bbox 10 3125 1188 3201; baseline 0.001 0"><span class='ocrx_word' id='word_1_229' title='bbox 10 3128 137 3201; x_wconf 85' lang='lat' dir='ltr'><strong>Gloria</strong></span> <span class='ocrx_word' id='word_1_230' title='bbox 159 3125 252 3197; x_wconf 86' lang='lat' dir='ltr'><strong>Patri</strong></span> <span class='ocrx_word' id='word_1_231' title='bbox 272 3135 335 3198; x_wconf 89' lang='lat' dir='ltr'><strong>etc.</strong></span> <span class='ocrx_word' id='word_1_232' title='bbox 382 3127 542 3199; x_wconf 87' lang='lat' dir='ltr'><strong>Attende.</strong></span> <span class='ocrx_word' id='word_1_233' title='bbox 1182 3133 1188 3139; x_wconf 82' lang='lat'>&#39;</span> 
     </span>
    </p>
   </div>
   <div class='ocr_carea' id='block_1_8' title="bbox 10 3256 1325 3445">
    <p class='ocr_par' dir='ltr' id='par_1_8' title="bbox 10 3256 1325 3445">
     <span class='ocr_line' id='line_1_27' title="bbox 121 3256 1325 3341; baseline 0 -23"><span class='ocrx_word' id='word_1_234' title='bbox 121 3256 268 3318; x_wconf 86' lang='lat' dir='ltr'><strong>Sacerdos</strong></span> <span class='ocrx_word' id='word_1_235' title='bbox 281 3276 372 3336; x_wconf 88' lang='lat' dir='ltr'><strong>vero,</strong></span> <span class='ocrx_word' id='word_1_236' title='bbox 394 3258 461 3321; x_wconf 90' lang='lat' dir='ltr'><strong>dun</strong></span> <span class='ocrx_word' id='word_1_237' title='bbox 475 3268 607 3321; x_wconf 85' lang='lat' dir='ltr'><strong>cantator</strong></span> <span class='ocrx_word' id='word_1_238' title='bbox 620 3259 790 3340; x_wconf 78' lang='lat' dir='ltr'><strong>dotipbonu</strong></span> <span class='ocrx_word' id='word_1_239' title='bbox 804 3269 834 3321; x_wconf 90' lang='lat' dir='ltr'><strong>et</strong></span> <span class='ocrx_word' id='word_1_240' title='bbox 848 3259 1080 3341; x_wconf 79' lang='lat' dir='ltr'><strong>Responsorium</strong></span> <span class='ocrx_word' id='word_1_241' title='bbox 1096 3257 1213 3319; x_wconf 88' lang='lat' dir='ltr'><strong>detecto</strong></span> <span class='ocrx_word' id='word_1_242' title='bbox 1229 3258 1325 3338; x_wconf 87' lang='lat' dir='ltr'><strong>capite</strong></span> 
     </span>
     <span class='ocr_line' id='line_1_28' title="bbox 10 3358 1325 3445; baseline -0.001 -23"><span class='ocrx_word' id='word_1_243' title='bbox 10 3362 112 3445; x_wconf 84' lang='lat' dir='ltr'><strong>primo</strong></span> <span class='ocrx_word' id='word_1_244' title='bbox 126 3362 251 3441; x_wconf 91' lang='lat' dir='ltr'><strong>imponit</strong></span> <span class='ocrx_word' id='word_1_245' title='bbox 264 3362 380 3425; x_wconf 87' lang='lat' dir='ltr'><strong>cineres</strong></span> <span class='ocrx_word' id='word_1_246' title='bbox 394 3362 524 3441; x_wconf 74' lang='lat' dir='ltr'><strong>digniori</strong></span> <span class='ocrx_word' id='word_1_247' title='bbox 538 3361 710 3439; x_wconf 87' lang='lat' dir='ltr'><strong>Sacerdoti,</strong></span> <span class='ocrx_word' id='word_1_248' title='bbox 729 3380 745 3422; x_wconf 89' lang='lat' dir='ltr'><strong>a</strong></span> <span class='ocrx_word' id='word_1_249' title='bbox 760 3380 819 3442; x_wconf 87' lang='lat' dir='ltr'><strong>qoo</strong></span> <span class='ocrx_word' id='word_1_250' title='bbox 835 3363 901 3443; x_wconf 86' lang='lat' dir='ltr'><strong>ipse</strong></span> <span class='ocrx_word' id='word_1_251' title='bbox 916 3362 1047 3441; x_wconf 89' lang='lat' dir='ltr'><strong>accepit,</strong></span> <span class='ocrx_word' id='word_1_252' title='bbox 1066 3358 1173 3422; x_wconf 88' lang='lat' dir='ltr'><strong>deiude</strong></span> <span class='ocrx_word' id='word_1_253' title='bbox 1186 3358 1325 3421; x_wconf 82' lang='lat' dir='ltr'><strong>ministris</strong></span> 
     </span>
    </p>
   </div>
   <div class='ocr_carea' id='block_1_9' title="bbox 13 3603 1325 4617">
    <p class='ocr_par' dir='ltr' id='par_1_9' title="bbox 16 3603 1325 3764">
     <span class='ocr_line' id='line_1_29' title="bbox 16 3603 1325 3687; baseline -0.004 -22"><span class='ocrx_word' id='word_1_254' title='bbox 16 3607 249 3665; x_wconf 84' lang='lat' dir='ltr'><strong>decrevimus.</strong></span> <span class='ocrx_word' id='word_1_255' title='bbox 275 3606 305 3663; x_wconf 85' lang='lat' dir='ltr'><strong>C.</strong></span> <span class='ocrx_word' id='word_1_256' title='bbox 321 3603 920 3687; x_wconf 83' lang='lat' dir='ltr'><strong>bene†dioereetsuucti†licare.</strong></span> <span class='ocrx_word' id='word_1_257' title='bbox 942 3608 1004 3665; x_wconf 82' lang='lat' dir='ltr'><strong>ilat.</strong></span> <span class='ocrx_word' id='word_1_258' title='bbox 1020 3607 1193 3679; x_wconf 86' lang='lat' dir='ltr'><strong>digneris.</strong></span> <span class='ocrx_word' id='word_1_259' title='bbox 1216 3606 1244 3662; x_wconf 78' lang='lat'><strong>(2.</strong></span> <span class='ocrx_word' id='word_1_260' title='bbox 1261 3620 1325 3661; x_wconf 87' lang='lat' dir='ltr'><strong>nos</strong></span> 
     </span>
     <span class='ocr_line' id='line_1_30' title="bbox 16 3692 1053 3764; baseline 0.002 -16"><span class='ocrx_word' id='word_1_261' title='bbox 16 3693 272 3750; x_wconf 87' lang='lat' dir='ltr'><strong>cineresesse.</strong></span> <span class='ocrx_word' id='word_1_262' title='bbox 301 3692 736 3756; x_wconf 71' lang='lat' dir='ltr'><strong>A.ll.nostraemeritun.</strong></span> <span class='ocrx_word' id='word_1_263' title='bbox 767 3693 1053 3764; x_wconf 62' lang='lat' dir='ltr'><strong>&amp;agnoscimus</strong></span> 
     </span>
    </p>

    <p class='ocr_par' dir='ltr' id='par_1_10' title="bbox 13 3772 1324 4528">
     <span class='ocr_line' id='line_1_31' title="bbox 90 3772 1324 3853; baseline -0.006 -20"><span class='ocrx_word' id='word_1_264' title='bbox 90 3775 122 3853; x_wconf 91' lang='lat'><strong>1)</strong></span> <span class='ocrx_word' id='word_1_265' title='bbox 137 3778 283 3834; x_wconf 85' lang='lat' dir='ltr'><strong>Gerbertns</strong></span> <span class='ocrx_word' id='word_1_266' title='bbox 297 3777 367 3834; x_wconf 79' lang='lat' dir='ltr'><strong>bion.</strong></span> <span class='ocrx_word' id='word_1_267' title='bbox 381 3777 410 3837; x_wconf 81' lang='lat' dir='ltr'><strong>l..</strong></span> <span class='ocrx_word' id='word_1_268' title='bbox 425 3780 459 3834; x_wconf 81' lang='grc' dir='ltr'><strong>Α.</strong></span> <span class='ocrx_word' id='word_1_269' title='bbox 474 3778 507 3834; x_wconf 87' lang='lat' dir='ltr'><strong>ll.</strong></span> <span class='ocrx_word' id='word_1_270' title='bbox 523 3796 550 3851; x_wconf 94' lang='lat' dir='ltr'><strong>p.</strong></span> <span class='ocrx_word' id='word_1_271' title='bbox 566 3778 600 3834; x_wconf 76' lang='lat'><strong>72</strong></span> <span class='ocrx_word' id='word_1_272' title='bbox 622 3779 727 3850; x_wconf 80' lang='lat' dir='ltr'><strong>„Unum</strong></span> <span class='ocrx_word' id='word_1_273' title='bbox 750 3779 818 3835; x_wconf 85' lang='lat' dir='ltr'><strong>broc</strong></span> <span class='ocrx_word' id='word_1_274' title='bbox 839 3777 866 3835; x_wconf 92' lang='lat' dir='ltr'><strong>in</strong></span> <span class='ocrx_word' id='word_1_275' title='bbox 881 3778 945 3839; x_wconf 85' lang='lat' dir='ltr'><strong>lieo.</strong></span> <span class='ocrx_word' id='word_1_276' title='bbox 959 3776 1168 3848; x_wconf 78' lang='lat' dir='ltr'><strong>libeiuangiansl</strong></span> <span class='ocrx_word' id='word_1_277' title='bbox 1189 3775 1242 3830; x_wconf 82' lang='lat'><strong>600</strong></span> <span class='ocrx_word' id='word_1_278' title='bbox 1257 3772 1324 3828; x_wconf 88' lang='lat' dir='ltr'><strong>circ.</strong></span> 
     </span>
     <span class='ocr_line' id='line_1_32' title="bbox 16 3856 1324 3938; baseline -0.005 -18"><span class='ocrx_word' id='word_1_279' title='bbox 16 3878 148 3920; x_wconf 81' lang='lat' dir='ltr'><strong>annorum</strong></span> <span class='ocrx_word' id='word_1_280' title='bbox 161 3862 252 3934; x_wconf 87' lang='lat' dir='ltr'><strong>reperi</strong></span> <span class='ocrx_word' id='word_1_281' title='bbox 268 3861 419 3919; x_wconf 85' lang='lat' dir='ltr'><strong>orationem</strong></span> <span class='ocrx_word' id='word_1_282' title='bbox 435 3879 486 3936; x_wconf 87' lang='lat' dir='ltr'><strong>pro</strong></span> <span class='ocrx_word' id='word_1_283' title='bbox 500 3863 691 3920; x_wconf 88' lang='lat' dir='ltr'><strong>benedictione</strong></span> <span class='ocrx_word' id='word_1_284' title='bbox 706 3865 842 3934; x_wconf 87' lang='lat' dir='ltr'><strong>cinerum,</strong></span> <span class='ocrx_word' id='word_1_285' title='bbox 858 3882 937 3938; x_wconf 70' lang='lat' dir='ltr'><strong>qurum</strong></span> <span class='ocrx_word' id='word_1_286' title='bbox 951 3865 1064 3936; x_wconf 89' lang='lat' dir='ltr'><strong>primum</strong></span> <span class='ocrx_word' id='word_1_287' title='bbox 1078 3859 1201 3917; x_wconf 85' lang='lat' dir='ltr'><strong>monachi</strong></span> <span class='ocrx_word' id='word_1_288' title='bbox 1216 3874 1250 3914; x_wconf 84' lang='lat' dir='ltr'><strong>ex</strong></span> <span class='ocrx_word' id='word_1_289' title='bbox 1267 3856 1324 3914; x_wconf 90' lang='lat' dir='ltr'><strong>dis·</strong></span> 
     </span>
     <span class='ocr_line' id='line_1_33' title="bbox 16 3941 1321 4021; baseline -0.007 -16"><span class='ocrx_word' id='word_1_290' title='bbox 16 3948 116 4021; x_wconf 85' lang='lat' dir='ltr'><strong>ciplinu</strong></span> <span class='ocrx_word' id='word_1_291' title='bbox 136 3947 321 4021; x_wconf 84' lang='lat' dir='ltr'><strong>poenitentiae</strong></span> <span class='ocrx_word' id='word_1_292' title='bbox 340 3948 393 4004; x_wconf 88' lang='lat' dir='ltr'><strong>boc</strong></span> <span class='ocrx_word' id='word_1_293' title='bbox 409 3948 453 4004; x_wconf 91' lang='lat' dir='ltr'><strong>die</strong></span> <span class='ocrx_word' id='word_1_294' title='bbox 468 3965 527 4004; x_wconf 89' lang='lat' dir='ltr'><strong>cum</strong></span> <span class='ocrx_word' id='word_1_295' title='bbox 540 3949 715 4021; x_wconf 73' lang='lat' dir='ltr'><strong>inpositione</strong></span> <span class='ocrx_word' id='word_1_296' title='bbox 730 3951 850 4006; x_wconf 85' lang='lat' dir='ltr'><strong>cineram</strong></span> <span class='ocrx_word' id='word_1_297' title='bbox 864 3947 988 4006; x_wconf 76' lang='lat' dir='ltr'><strong>aemulati</strong></span> <span class='ocrx_word' id='word_1_298' title='bbox 1000 3945 1155 4003; x_wconf 86' lang='lat' dir='ltr'><strong>videntur.“</strong></span> <span class='ocrx_word' id='word_1_299' title='bbox 1171 3973 1211 3986; x_wconf 94' lang='lat'><em>-</em></span> <span class='ocrx_word' id='word_1_300' title='bbox 1228 3941 1321 3999; x_wconf 81' lang='lat' dir='ltr'><strong>libain.</strong></span> 
     </span>
     <span class='ocr_line' id='line_1_34' title="bbox 15 4026 1323 4096; baseline -0.003 -6"><span class='ocrx_word' id='word_1_301' title='bbox 15 4033 76 4090; x_wconf 78' lang='lat' dir='ltr'><strong>ileo</strong></span> <span class='ocrx_word' id='word_1_302' title='bbox 102 4033 321 4092; x_wconf 85' lang='lat' dir='ltr'><strong>bumilitate.</strong></span> <span class='ocrx_word' id='word_1_303' title='bbox 353 4033 447 4090; x_wconf 79' lang='lat' dir='ltr'><strong>libein.</strong></span> <span class='ocrx_word' id='word_1_304' title='bbox 469 4050 505 4090; x_wconf 85' lang='lat' dir='ltr'><strong>ao</strong></span> <span class='ocrx_word' id='word_1_305' title='bbox 518 4034 630 4091; x_wconf 88' lang='lat' dir='ltr'><strong>tuotis</strong></span> <span class='ocrx_word' id='word_1_306' title='bbox 645 4050 679 4090; x_wconf 88' lang='lat' dir='ltr'><strong>cx</strong></span> <span class='ocrx_word' id='word_1_307' title='bbox 694 4035 850 4091; x_wconf 86' lang='lat' dir='ltr'><strong>coniectura</strong></span> <span class='ocrx_word' id='word_1_308' title='bbox 865 4032 989 4089; x_wconf 82' lang='lat' dir='ltr'><strong>Gerborti</strong></span> <span class='ocrx_word' id='word_1_309' title='bbox 1004 4029 1168 4096; x_wconf 74' lang='lat' dir='ltr'><strong>ditectio,</strong></span> <span class='ocrx_word' id='word_1_310' title='bbox 1191 4028 1228 4085; x_wconf 87' lang='lat' dir='ltr'><strong>ita</strong></span> <span class='ocrx_word' id='word_1_311' title='bbox 1243 4026 1323 4087; x_wconf 83' lang='grc' dir='ltr'><strong>Α.-0.</strong></span> 
     </span>
     <span class='ocr_line' id='line_1_35' title="bbox 18 4112 1324 4191; baseline -0.003 -19"><span class='ocrx_word' id='word_1_312' title='bbox 18 4116 386 4176; x_wconf 83' lang='lat' dir='ltr'><strong>inlusionaattnctis.</strong></span> <span class='ocrx_word' id='word_1_313' title='bbox 412 4118 447 4175; x_wconf 82' lang='lat' dir='ltr'><strong>tl.</strong></span> <span class='ocrx_word' id='word_1_314' title='bbox 464 4119 744 4191; x_wconf 80' lang='lat' dir='ltr'><strong>quorumoapitu</strong></span> <span class='ocrx_word' id='word_1_315' title='bbox 761 4115 1133 4188; x_wconf 85' lang='lat' dir='ltr'><strong>cineresspersimns.</strong></span> <span class='ocrx_word' id='word_1_316' title='bbox 1156 4114 1189 4169; x_wconf 82' lang='lat' dir='ltr'><strong>li.</strong></span> <span class='ocrx_word' id='word_1_317' title='bbox 1206 4112 1324 4186; x_wconf 88' lang='lat' dir='ltr'><strong>propi·</strong></span> 
     </span>
     <span class='ocr_line' id='line_1_36' title="bbox 17 4196 1322 4280; baseline 0.001 -24"><span class='ocrx_word' id='word_1_318' title='bbox 17 4201 258 4261; x_wconf 87' lang='lat' dir='ltr'><strong>tiosinlonde.</strong></span> <span class='ocrx_word' id='word_1_319' title='bbox 287 4196 1032 4280; x_wconf 61' lang='lat' dir='ltr'><strong>&amp;benedictionis-id.bane†dictlonis.</strong></span> <span class='ocrx_word' id='word_1_320' title='bbox 1062 4199 1322 4270; x_wconf 85' lang='lat' dir='ltr'><strong>C.permaners.</strong></span> 
     </span>
     <span class='ocr_line' id='line_1_37' title="bbox 15 4284 1323 4356; baseline -0.005 -10"><span class='ocrx_word' id='word_1_321' title='bbox 15 4285 408 4349; x_wconf 62' lang='lat' dir='ltr'><strong>incinerationem.</strong></span> <span class='ocrx_word' id='word_1_322' title='bbox 438 4288 471 4346; x_wconf 80' lang='grc' dir='ltr'><strong>Α.</strong></span> <span class='ocrx_word' id='word_1_323' title='bbox 487 4290 651 4346; x_wconf 87' lang='lat' dir='ltr'><strong>intactos</strong></span> <span class='ocrx_word' id='word_1_324' title='bbox 672 4288 744 4344; x_wconf 89' lang='lat' dir='ltr'><strong>dec.</strong></span> <span class='ocrx_word' id='word_1_325' title='bbox 773 4286 834 4342; x_wconf 88' lang='lat' dir='ltr'><strong>liet.</strong></span> <span class='ocrx_word' id='word_1_326' title='bbox 851 4292 884 4342; x_wconf 86' lang='lat' dir='ltr'><strong>ut</strong></span> <span class='ocrx_word' id='word_1_327' title='bbox 901 4284 1323 4356; x_wconf 80' lang='lat' dir='ltr'><strong>elespiritumcompun-</strong></span> 
     </span>
     <span class='ocr_line' id='line_1_38' title="bbox 15 4368 1324 4447; baseline -0.002 -22"><span class='ocrx_word' id='word_1_328' title='bbox 15 4371 168 4442; x_wconf 82' lang='lat' dir='ltr'><strong>otiosis,</strong></span> <span class='ocrx_word' id='word_1_329' title='bbox 191 4371 480 4430; x_wconf 82' lang='lat' dir='ltr'><strong>emendssionem</strong></span> <span class='ocrx_word' id='word_1_330' title='bbox 501 4375 615 4447; x_wconf 35' lang='lat' dir='ltr'><strong>vitaer</strong></span> <span class='ocrx_word' id='word_1_331' title='bbox 641 4381 676 4430; x_wconf 89' lang='lat' dir='ltr'><strong>et</strong></span> <span class='ocrx_word' id='word_1_332' title='bbox 695 4368 1324 4445; x_wconf 81' lang='lat' dir='ltr'><strong>perpetuaminbonostabilitntem</strong></span> 
     </span>
     <span class='ocr_line' id='line_1_39' title="bbox 13 4456 1303 4528; baseline -0.003 -11"><span class='ocrx_word' id='word_1_333' title='bbox 13 4457 312 4517; x_wconf 79' lang='lat' dir='ltr'><strong>misericorditer</strong></span> <span class='ocrx_word' id='word_1_334' title='bbox 331 4456 524 4528; x_wconf 83' lang='lat' dir='ltr'><strong>largiaris.</strong></span> <span class='ocrx_word' id='word_1_335' title='bbox 866 4496 869 4500; x_wconf 30' lang='grc' dir='ltr'><strong><em>ι</em></strong></span> <span class='ocrx_word' id='word_1_336' title='bbox 1299 4502 1303 4513; x_wconf 95' lang='grc'>.</span> 
     </span>
    </p>

    <p class='ocr_par' dir='ltr' id='par_1_11' title="bbox 83 4536 1323 4617">
     <span class='ocr_line' id='line_1_40' title="bbox 83 4536 1323 4617; baseline -0.002 -22"><span class='ocrx_word' id='word_1_337' title='bbox 83 4539 117 4617; x_wconf 73' lang='lat'><strong>2)</strong></span> <span class='ocrx_word' id='word_1_338' title='bbox 132 4540 162 4596; x_wconf 80' lang='lat' dir='ltr'><strong>C.</strong></span> <span class='ocrx_word' id='word_1_339' title='bbox 179 4558 257 4600; x_wconf 88' lang='lat' dir='ltr'><strong>rem.</strong></span> <span class='ocrx_word' id='word_1_340' title='bbox 273 4542 471 4601; x_wconf 87' lang='lat' dir='ltr'><strong>contulisti.</strong></span> <span class='ocrx_word' id='word_1_341' title='bbox 490 4576 525 4587; x_wconf 91' lang='lat'>-</span> <span class='ocrx_word' id='word_1_342' title='bbox 542 4551 689 4616; x_wconf 86' lang='lat' dir='ltr'><strong>praesta</strong></span> <span class='ocrx_word' id='word_1_343' title='bbox 705 4558 919 4614; x_wconf 84' lang='lat' dir='ltr'><strong>quaesumus.</strong></span> <span class='ocrx_word' id='word_1_344' title='bbox 935 4571 976 4583; x_wconf 89' lang='lat'><strong>--</strong></span> <span class='ocrx_word' id='word_1_345' title='bbox 990 4553 1248 4610; x_wconf 83' lang='lat' dir='ltr'><strong>consequamur</strong></span> <span class='ocrx_word' id='word_1_346' title='bbox 1264 4536 1323 4594; x_wconf 90' lang='lat' dir='ltr'><strong>ob-</strong></span> 
     </span>
    </p>
   </div>
   <div class='ocr_carea' id='block_1_10' title="bbox 10 4630 155 4687">
    <p class='ocr_par' dir='ltr' id='par_1_12' title="bbox 10 4630 155 4687">
     <span class='ocr_line' id='line_1_41' title="bbox 10 4630 155 4687; baseline 0.021 -5"><span class='ocrx_word' id='word_1_347' title='bbox 10 4630 155 4687; x_wconf 83' lang='lat' dir='ltr'><strong>tentum.</strong></span> 
     </span>
    </p>
   </div>
   <div class='ocr_carea' id='block_1_11' title="bbox 1053 4711 1140 4778">
    <p class='ocr_par' dir='ltr' id='par_1_13' title="bbox 1053 4711 1140 4778">
     <span class='ocr_line' id='line_1_42' title="bbox 1053 4711 1140 4778; baseline 0.046 -4"><span class='ocrx_word' id='word_1_348' title='bbox 1053 4711 1140 4778; x_wconf 47' lang='lat' dir='ltr'><strong>dis</strong></span> 
     </span>
    </p>
   </div>
   <div class='ocr_carea' id='block_1_12' title="bbox 0 0 1528 4942">
    <p class='ocr_par' dir='ltr' id='par_1_14' title="bbox 0 0 1528 4942">
     <span class='ocr_line' id='line_1_43' title="bbox 0 0 1528 4942; baseline 0 0"><span class='ocrx_word' id='word_1_349' title='bbox 0 0 1528 4942; x_wconf 95' lang='lat' dir='ltr'><strong> </strong></span> 
     </span>
    </p>
   </div>
  </div>
 </body>
</html>
