3060 4934
746 211 793 282 to

283 375 584 452 GALLICANUS.
944 376 1287 452 MOZARABIOUS.

106 499 319 595 Redempti,
340 497 564 586 Constantini,
578 496 747 586 Himiteri,
799 497 931 572 Mariae
944 499 1102 589 virginis,
1118 497 1317 589 Zachariae,
1331 497 1430 571 Ioan-

109 602 273 689 Hilarini,
288 600 449 687 ianuarii,
464 599 642 694 Reparati,
659 600 750 673 Chii·
800 604 867 689 nis,
887 598 1069 688 Infantum,
1089 599 1195 689 Petri,
1210 601 1320 691 Pauli,
1332 600 1432 673 loan-

113 701 589 794 debenti,Voltrogotae,vel
602 707 750 774 omnium
801 705 873 791 nis,
903 700 1038 790 laoohi,
1064 697 1249 790 Andreae,
1275 703 1433 799 Philippi,

113 806 259 877 fratrum
278 815 489 893 nostrorum,
512 826 598 898 quos
618 805 661 876 de
684 806 752 877 hoo
802 804 969 893 Thomna,
980 803 1250 893 Bartholomaei,
1259 803 1434 893 Matthaei,

116 909 199 979 ioco
227 906 269 977 ad
297 917 332 977 te
357 927 488 977 vocare
516 907 673 999 dignatus
702 932 749 981 es.
800 906 936 994 laoohi,
960 903 1110 980 Simonis
1136 916 1172 980 et
1193 906 1322 998 iudae,
1348 903 1435 978 Mat-

118 1008 396 1102 Cunotorumquo
427 1012 528 1079 etiam
556 1009 654 1081 huius
683 1010 751 1082 looi
800 1009 911 1101 thiae,
931 1006 1041 1081 Marci
1069 1018 1104 1080 et
1128 1006 1252 1082 hnoaa.
1299 1011 1450 1085 ctam·
1511 1085 1513 1088 a

117 1133 290 1184 memores
327 1109 518 1199 Fidelium,
555 1114 750 1207 pariterque
801 1111 846 1184 Et
864 1113 1012 1183 omnium
1026 1107 1226 1206 Martyrum.
1359 1158 1364 1169 -·

119 1225 298 1309 parentum
325 1222 520 1283 nostrorum
550 1222 651 1308 atque
677 1238 750 1286 ser-

119 1319 283 1386 uientium
304 1314 401 1387 huius
423 1314 507 1385 looi:
537 1325 571 1385 et
595 1338 659 1410 pro
681 1320 751 1388 ani·
852 1351 953 1425 Dm
964 1348 1148 1425 Sacerdos.

121 1417 239 1489 mahus
258 1419 406 1488 omnium
420 1416 588 1487 Fidelium
607 1417 751 1491 famulo·
1137 1409 1145 1425 ⁶

121 1542 195 1589 rum
231 1541 271 1589 ao
307 1521 569 1613 peregrinorum
601 1521 634 1589 in
665 1544 751 1616 pace
853 1519 1007 1617 Itempro
1022 1519 1194 1616 spiritibus
1208 1521 1436 1616 pausantium,

123 1621 292 1692 ecclesiae
308 1618 564 1691 defunctorum:
583 1631 620 1690 ut
635 1625 685 1693 eis
704 1633 752 1711 tu,
802 1621 935 1709 Hilarii,
955 1621 1147 1708 Athanasii,
1171 1619 1326 1707 Martini,
1352 1621 1436 1690 Am-

122 1722 268 1795 Domine
279 1722 375 1791 Deus
390 1731 521 1807 noster,
534 1732 753 1814 peccatorum
803 1722 923 1810 brosii,
944 1712 1141 1812 Augustini,
1162 1720 1353 1811 Fulgentii,
1373 1720 1436 1791 he—

124 1825 251 1896 tribuas
263 1823 400 1892 veniam
414 1831 448 1891 et
461 1825 615 1916 requiem
631 1825 755 1915 largia—
805 1821 923 1912 andri,
949 1821 1105 1910 Ysidori,
1137 1821 1271 1910 David,
1302 1819 1436 1911 Iuliani,

122 1930 166 1997 ris
197 1934 392 1995 aeternam:
426 1927 554 1995 meritis
587 1933 620 1994 et
651 1929 754 1996 inter·
804 1927 886 1995 item
900 1923 1034 2012 Iuliani,
1049 1923 1154 2012 Patri,
1168 1926 1249 1995 item
1263 1923 1369 2012 Petri,
1382 1922 1437 1997 Io-

123 2025 336 2100 oessionihus
368 2024 574 2096 Sanctorum
606 2035 753 2116 tuorum,
804 2028 925 2115 annis,
980 2025 1084 2098 Servi
1135 2026 1227 2116 Dei,
1280 2025 1436 2111 Visitani,

119 2127 251 2199 Mariae
279 2129 454 2219 genitricis
480 2126 617 2198 Domini
645 2132 753 2201 nostri
804 2126 957 2219 Viventi,
984 2127 1123 2220 Felicis,
1152 2126 1328 2225 Cypriani,
1354 2127 1437 2200 Vin-

120 2229 202 2304 lesu
236 2229 387 2318 Christi,
421 2228 610 2325 Stephani,
644 2231 749 2320 Petri,
804 2233 931 2319 contii,
986 2227 1165 2319 Gerontii,
1225 2231 1437 2321 Zachariae,

118 2332 233 2427 Pauli,
252 2330 401 2420 Ioannis,
424 2330 552 2420 Iaoohi,
576 2333 753 2420 Andreae,
807 2331 984 2427 Senapali,
1007 2331 1190 2420 Dominioi,
1209 2330 1306 2420 lusti,
1320 2333 1438 2406 Satur-

118 2434 280 2530 Philippi,
302 2431 467 2523 Thomae,
486 2433 753 2522 Bartholomaei,
807 2437 890 2521 nini,
917 2432 1062 2521 Salvati,
1087 2438 1168 2505 item
1187 2431 1334 2523 Salvati,
1354 2434 1438 2505 Ber-

119 2536 298 2624 Matthaei,
316 2534 445 2624 laoohi,
459 2534 621 2624 simonia,
635 2537 754 2625 Iudae,
808 2535 925 2622 nardi,
951 2534 1145 2623 Reimundi,
1167 2533 1317 2621 Ioannis,
1339 2533 1438 2605 Cele—
1485 2536 1486 2545 ’

118 2639 284 2726 Mathiae,
313 2635 470 2726 Genesii,
500 2635 754 2733 Symphoriani,
810 2638 921 2723 bruni,
936 2633 1149 2725 Gundisalvi,
1163 2634 1312 2724 Martini,
1323 2634 1439 2706 Rode-

120 2740 289 2828 Bandilii,
322 2737 491 2828 Victoris,
522 2738 643 2810 Hilarii
675 2741 755 2836 Epi·
809 2741 885 2828 rici,
900 2737 1051 2825 Ioannis,
1066 2736 1209 2826 Guterii,
1224 2734 1352 2827 Sanoii,
1368 2737 1439 2809 Do:

123 2844 221 2937 scopi
236 2852 270 2913 et
285 2840 517 2930 Confessoris,
531 2841 666 2913 Martini
675 2844 755 2939 Epi·
810 2844 936 2929 minioi,
950 2840 1250 2935 Iuliani,Philippi,
1261 2840 1438 2936 Stephani,

125 2947 221 3038 scopi
230 2954 263 3015 et
272 2941 503 3032 Confessoris,
513 2943 666 3017 Caesarii
675 2946 755 3042 Epi·
810 2944 972 3033 Ioannis,
999 2945 1081 3015 item
1108 2942 1270 3032 Ioannis,
1301 2941 1437 3014 Felicis.

127 3049 238 3140 scopi,
255 3045 340 3117 haeo
352 3048 519 3140 propitius
532 3057 708 3143 praestare
723 3059 756 3119 et
811 3049 944 3120 Choma.
984 3045 1029 3118 Et
1048 3049 1197 3119 omnium
1215 3047 1437 3139 pausantium
1458 3097 1461 3104 ·

129 3148 292 3219 exaudire
320 3147 496 3240 digneris,
525 3152 580 3243 qui
608 3152 698 3221 vivis
723 3160 756 3220 et

129 3272 252 3343 regnas
281 3252 462 3322 inanitate
483 3250 629 3346 Spiritus
650 3255 758 3323 sancti

130 3351 220 3426 Deus
268 3356 303 3423 in
344 3353 483 3424 saecula
530 3353 755 3425 saeculorum.

134 3453 249 3526 Amen.

181 3766 702 3866 CollectiopostNomina.
863 3771 1034 3843 Reoitutaae
1082 3767 1305 3843 Collectio
1342 3773 1442 3859 post

811 3872 985 3946 Nomina
1013 3878 1124 3968 affinio
1149 3876 1217 3945 diei
1240 3871 1441 3942 coam.

861 4078 963 4151 Dicat
986 4076 1180 4168 steabprer:
1216 4070 1304 4158 Quia
1333 4084 1370 4146 tu
1403 4097 1442 4148 as

812 4180 882 4250 vita
896 4181 1070 4267 rivorum,
1087 4176 1215 4248 sanitas
1235 4175 1443 4248 inhrrnornm

813 4303 854 4352 ao
871 4283 1010 4376 requies
1031 4279 1188 4352 omnium
1215 4279 1364 4352 fidelium
1384 4278 1443 4350 de

813 4384 1196 4458 functoruminaeterna
1208 4382 1349 4457 saecula
1368 4402 1444 4456 sae

813 4490 977 4561 culorum.
1011 4489 1054 4580 ih.
1077 4484 1200 4557 Amen.
