<?xml version="1.0" encoding="UTF-8"?>
<!DOCTYPE html PUBLIC "-//W3C//DTD XHTML 1.0 Transitional//EN"
    "http://www.w3.org/TR/xhtml1/DTD/xhtml1-transitional.dtd">
<html xmlns="http://www.w3.org/1999/xhtml" xml:lang="en" lang="en">
 <head>
  <title>
</title>
<meta http-equiv="Content-Type" content="text/html;charset=utf-8" />
  <meta name='ocr-system' content='tesseract 3.04.00' />
  <meta name='ocr-capabilities' content='ocr_page ocr_carea ocr_par ocr_line ocrx_word'/>
</head>
<body>
  <div class='ocr_page' id='page_1' title='image "./codexliturgicus03danigoog_0152.png"; bbox 0 0 3046 4942; ppageno 0'>
   <div class='ocr_carea' id='block_1_1' title="bbox 731 294 802 402">
    <p class='ocr_par' dir='ltr' id='par_1_1' title="bbox 731 294 802 402">
     <span class='ocr_line' id='line_1_1' title="bbox 731 294 802 402; baseline -0.028 -39"><span class='ocrx_word' id='word_1_1' title='bbox 731 294 802 402; x_wconf 77' lang='lat' dir='ltr'><strong>lilii</strong></span> 
     </span>
    </p>
   </div>
   <div class='ocr_carea' id='block_1_2' title="bbox 90 464 1509 1689">
    <p class='ocr_par' dir='ltr' id='par_1_2' title="bbox 90 464 1509 1689">
     <span class='ocr_line' id='line_1_2' title="bbox 101 464 1422 565; baseline 0.002 -18.005"><span class='ocrx_word' id='word_1_2' title='bbox 101 486 238 557; x_wconf 77' lang='lat' dir='ltr'><strong>unanimi</strong></span> <span class='ocrx_word' id='word_1_3' title='bbox 260 502 409 546; x_wconf 87' lang='lat' dir='ltr'><strong>consensu</strong></span> <span class='ocrx_word' id='word_1_4' title='bbox 429 484 618 547; x_wconf 79' lang='lat' dir='ltr'><strong>exhibentur.</strong></span> <span class='ocrx_word' id='word_1_5' title='bbox 654 484 740 560; x_wconf 80' lang='lat' dir='ltr'><strong>Quod</strong></span> <span class='ocrx_word' id='word_1_6' title='bbox 754 486 948 565; x_wconf 75' lang='lat' dir='ltr'><strong>investigavit</strong></span> <span class='ocrx_word' id='word_1_7' title='bbox 961 478 1130 546; x_wconf 78' lang='lat' dir='ltr'><strong>llarlenias</strong></span> <span class='ocrx_word' id='word_1_8' title='bbox 1144 487 1174 546; x_wconf 88' lang='lat' dir='ltr'><strong>ia</strong></span> <span class='ocrx_word' id='word_1_9' title='bbox 1187 464 1422 549; x_wconf 71' lang='lat' dir='ltr'><strong>Sacramentario</strong></span> 
     </span>
     <span class='ocr_line' id='line_1_3' title="bbox 102 576 1423 676; baseline 0 -26"><span class='ocrx_word' id='word_1_10' title='bbox 102 576 284 650; x_wconf 79' lang='lat' dir='ltr'><strong>Canthusiae</strong></span> <span class='ocrx_word' id='word_1_11' title='bbox 303 587 562 666; x_wconf 78' lang='lat' dir='ltr'><strong>Longipontunae:</strong></span> <span class='ocrx_word' id='word_1_12' title='bbox 587 584 733 647; x_wconf 83' lang='lat' dir='ltr'><strong>Memento</strong></span> <span class='ocrx_word' id='word_1_13' title='bbox 752 586 880 652; x_wconf 77' lang='lat' dir='ltr'><strong>Dominus</strong></span> <span class='ocrx_word' id='word_1_14' title='bbox 896 586 1082 664; x_wconf 77' lang='lat' dir='ltr'><strong>saamlosnsm</strong></span> <span class='ocrx_word' id='word_1_15' title='bbox 1095 585 1339 676; x_wconf 65' lang='lat' dir='ltr'><strong>sucularumque</strong></span> <span class='ocrx_word' id='word_1_16' title='bbox 1358 596 1423 650; x_wconf 78' lang='lat' dir='ltr'><strong>taa-</strong></span> 
     </span>
     <span class='ocr_line' id='line_1_4' title="bbox 106 687 1422 783; baseline 0.002 -34"><span class='ocrx_word' id='word_1_17' title='bbox 106 706 177 783; x_wconf 80' lang='lat' dir='ltr'><strong>rann</strong></span> <span class='ocrx_word' id='word_1_18' title='bbox 190 696 320 768; x_wconf 87' lang='lat' dir='ltr'><strong>propter</strong></span> <span class='ocrx_word' id='word_1_19' title='bbox 336 689 478 767; x_wconf 86' lang='lat' dir='ltr'><strong>pietatem</strong></span> <span class='ocrx_word' id='word_1_20' title='bbox 499 697 581 749; x_wconf 85' lang='lat' dir='ltr'><strong>taam</strong></span> <span class='ocrx_word' id='word_1_21' title='bbox 597 687 682 749; x_wconf 84' lang='lat' dir='ltr'><strong>Dens</strong></span> <span class='ocrx_word' id='word_1_22' title='bbox 694 707 779 750; x_wconf 83' lang='lat' dir='ltr'><strong>mens</strong></span> <span class='ocrx_word' id='word_1_23' title='bbox 792 691 825 749; x_wconf 82' lang='lat' dir='ltr'><strong>in</strong></span> <span class='ocrx_word' id='word_1_24' title='bbox 842 689 951 750; x_wconf 83' lang='lat' dir='ltr'><strong>bonnm</strong></span> <span class='ocrx_word' id='word_1_25' title='bbox 963 697 993 750; x_wconf 89' lang='lat' dir='ltr'><strong>et</strong></span> <span class='ocrx_word' id='word_1_26' title='bbox 1004 690 1107 752; x_wconf 79' lang='lat' dir='ltr'><strong>deleas</strong></span> <span class='ocrx_word' id='word_1_27' title='bbox 1121 697 1251 767; x_wconf 85' lang='lat' dir='ltr'><strong>peccato</strong></span> <span class='ocrx_word' id='word_1_28' title='bbox 1270 709 1339 752; x_wconf 86' lang='lat' dir='ltr'><strong>rnen</strong></span> <span class='ocrx_word' id='word_1_29' title='bbox 1353 708 1422 769; x_wconf 75' lang='lat' dir='ltr'><strong>pra</strong></span> 
     </span>
     <span class='ocr_line' id='line_1_5' title="bbox 104 782 1425 871; baseline 0.001 -19"><span class='ocrx_word' id='word_1_30' title='bbox 104 791 169 869; x_wconf 84' lang='lat' dir='ltr'><strong>oia,</strong></span> <span class='ocrx_word' id='word_1_31' title='bbox 175 797 207 852; x_wconf 83' lang='lat' dir='ltr'><strong>sl</strong></span> <span class='ocrx_word' id='word_1_32' title='bbox 219 788 339 869; x_wconf 71' lang='lat' dir='ltr'><strong>efficias</strong></span> <span class='ocrx_word' id='word_1_33' title='bbox 350 809 397 850; x_wconf 89' lang='lat' dir='ltr'><strong>me</strong></span> <span class='ocrx_word' id='word_1_34' title='bbox 411 795 472 852; x_wconf 82' lang='lat' dir='ltr'><strong>tolo</strong></span> <span class='ocrx_word' id='word_1_35' title='bbox 487 791 559 852; x_wconf 83' lang='lat' dir='ltr'><strong>orbe</strong></span> <span class='ocrx_word' id='word_1_36' title='bbox 574 792 713 852; x_wconf 82' lang='lat' dir='ltr'><strong>sleootcm</strong></span> <span class='ocrx_word' id='word_1_37' title='bbox 725 782 755 853; x_wconf 76' lang='lat' dir='ltr'><strong>e&#39;l</strong></span> <span class='ocrx_word' id='word_1_38' title='bbox 767 792 869 871; x_wconf 83' lang='lat' dir='ltr'><strong>patris</strong></span> <span class='ocrx_word' id='word_1_39' title='bbox 881 794 940 853; x_wconf 82' lang='lat' dir='ltr'><strong>otei</strong></span> <span class='ocrx_word' id='word_1_40' title='bbox 952 801 1021 871; x_wconf 80' lang='lat' dir='ltr'><strong>ete,</strong></span> <span class='ocrx_word' id='word_1_41' title='bbox 1032 794 1130 853; x_wconf 89' lang='lat' dir='ltr'><strong>multis</strong></span> <span class='ocrx_word' id='word_1_42' title='bbox 1145 793 1269 854; x_wconf 86' lang='lat' dir='ltr'><strong>aliorum</strong></span> <span class='ocrx_word' id='word_1_43' title='bbox 1283 793 1425 853; x_wconf 91' lang='lat' dir='ltr'><strong>librorum</strong></span> 
     </span>
     <span class='ocr_line' id='line_1_6' title="bbox 106 894 1424 978; baseline 0 -21"><span class='ocrx_word' id='word_1_44' title='bbox 106 894 273 975; x_wconf 78' lang='lat' dir='ltr'><strong>comparari</strong></span> <span class='ocrx_word' id='word_1_45' title='bbox 287 902 388 974; x_wconf 84' lang='lat' dir='ltr'><strong>potest</strong></span> <span class='ocrx_word' id='word_1_46' title='bbox 402 895 555 973; x_wconf 87' lang='lat' dir='ltr'><strong>exemplis.</strong></span> <span class='ocrx_word' id='word_1_47' title='bbox 577 895 651 956; x_wconf 88' lang='lat' dir='ltr'><strong>Item</strong></span> <span class='ocrx_word' id='word_1_48' title='bbox 665 897 828 956; x_wconf 79' lang='lat' dir='ltr'><strong>accuratius</strong></span> <span class='ocrx_word' id='word_1_49' title='bbox 845 895 1020 978; x_wconf 85' lang='lat' dir='ltr'><strong>disputatum</strong></span> <span class='ocrx_word' id='word_1_50' title='bbox 1031 904 1088 973; x_wconf 87' lang='lat' dir='ltr'><strong>est,</strong></span> <span class='ocrx_word' id='word_1_51' title='bbox 1095 894 1335 957; x_wconf 83' lang='lat' dir='ltr'><strong>formulsmillam</strong></span> <span class='ocrx_word' id='word_1_52' title='bbox 1338 913 1424 977; x_wconf 87' lang='lat' dir='ltr'><strong>‚pro</strong></span> 
     </span>
     <span class='ocr_line' id='line_1_7' title="bbox 106 994 1425 1078; baseline 0.001 -21"><span class='ocrx_word' id='word_1_53' title='bbox 106 994 251 1077; x_wconf 79' lang='lat' dir='ltr'><strong>quihus</strong></span> <span class='ocrx_word' id='word_1_54' title='bbox 281 995 350 1056; x_wconf 90' lang='lat' dir='ltr'><strong>tibi</strong></span> <span class='ocrx_word' id='word_1_55' title='bbox 373 998 574 1058; x_wconf 84' lang='lat' dir='ltr'><strong>oilerimns</strong></span> <span class='ocrx_word' id='word_1_56' title='bbox 583 1000 748 1078; x_wconf 86' lang='lat' dir='ltr'><strong>‚sequiori</strong></span> <span class='ocrx_word' id='word_1_57' title='bbox 769 1007 867 1059; x_wconf 87' lang='lat' dir='ltr'><strong>aetate</strong></span> <span class='ocrx_word' id='word_1_58' title='bbox 887 998 922 1058; x_wconf 86' lang='lat' dir='ltr'><strong>ad</strong></span> <span class='ocrx_word' id='word_1_59' title='bbox 945 997 1093 1059; x_wconf 77' lang='lat' dir='ltr'><strong>canonem</strong></span> <span class='ocrx_word' id='word_1_60' title='bbox 1122 1000 1295 1059; x_wconf 85' lang='lat' dir='ltr'><strong>accessisse.</strong></span> <span class='ocrx_word' id='word_1_61' title='bbox 1331 997 1425 1060; x_wconf 85' lang='lat' dir='ltr'><strong>Recte</strong></span> 
     </span>
     <span class='ocr_line' id='line_1_8' title="bbox 90 1043 1425 1191; baseline -0.003 -26"><span class='ocrx_word' id='word_1_62' title='bbox 90 1106 211 1165; x_wconf 79' lang='lat' dir='ltr'><strong>‚mouet</strong></span> <span class='ocrx_word' id='word_1_63' title='bbox 232 1095 425 1159; x_wconf 65' lang='lat' dir='ltr'><strong>antenus</strong></span> <span class='ocrx_word' id='word_1_64' title='bbox 416 1116 446 1160; x_wconf 90' lang='grc' dir='ltr'><strong>ιιι</strong></span> <span class='ocrx_word' id='word_1_65' title='bbox 459 1043 638 1179; x_wconf 77' lang='lat' dir='ltr'><strong>Alemanlcls</strong></span> <span class='ocrx_word' id='word_1_66' title='bbox 659 1088 875 1191; x_wconf 81' lang='lat' dir='ltr'><strong>antiquioribus</strong></span> <span class='ocrx_word' id='word_1_67' title='bbox 895 1099 970 1163; x_wconf 87' lang='lat' dir='ltr'><strong>haud</strong></span> <span class='ocrx_word' id='word_1_68' title='bbox 985 1101 1152 1179; x_wconf 85' lang='lat' dir='ltr'><strong>reperisse,</strong></span> <span class='ocrx_word' id='word_1_69' title='bbox 1175 1101 1230 1161; x_wconf 88' lang='lat' dir='ltr'><strong>nisi</strong></span> <span class='ocrx_word' id='word_1_70' title='bbox 1249 1095 1425 1181; x_wconf 76' lang='lat' dir='ltr'><strong>quandoque</strong></span> 
     </span>
     <span class='ocr_line' id='line_1_9' title="bbox 107 1200 1509 1284; baseline -0.001 -22"><span class='ocrx_word' id='word_1_71' title='bbox 107 1201 272 1263; x_wconf 78' lang='lat' dir='ltr'><strong>recentiori</strong></span> <span class='ocrx_word' id='word_1_72' title='bbox 292 1218 378 1261; x_wconf 89' lang='lat' dir='ltr'><strong>manu</strong></span> <span class='ocrx_word' id='word_1_73' title='bbox 404 1203 432 1261; x_wconf 92' lang='lat' dir='ltr'><strong>in</strong></span> <span class='ocrx_word' id='word_1_74' title='bbox 454 1218 506 1262; x_wconf 88' lang='lat' dir='ltr'><strong>ora</strong></span> <span class='ocrx_word' id='word_1_75' title='bbox 528 1204 699 1282; x_wconf 76' lang='lat' dir='ltr'><strong>paginarum</strong></span> <span class='ocrx_word' id='word_1_76' title='bbox 721 1202 859 1264; x_wconf 83' lang='lat' dir='ltr'><strong>additum.</strong></span> <span class='ocrx_word' id='word_1_77' title='bbox 894 1202 962 1284; x_wconf 86' lang='lat' dir='ltr'><strong>lpse</strong></span> <span class='ocrx_word' id='word_1_78' title='bbox 981 1200 1088 1263; x_wconf 91' lang='lat' dir='ltr'><strong>mnltos</strong></span> <span class='ocrx_word' id='word_1_79' title='bbox 1117 1201 1177 1262; x_wconf 77' lang='lat' dir='ltr'><strong>viti</strong></span> <span class='ocrx_word' id='word_1_80' title='bbox 1199 1202 1292 1263; x_wconf 87' lang='lat' dir='ltr'><strong>libros</strong></span> <span class='ocrx_word' id='word_1_81' title='bbox 1312 1200 1424 1263; x_wconf 89' lang='lat' dir='ltr'><strong>saeculi</strong></span> <span class='ocrx_word' id='word_1_82' title='bbox 1503 1261 1509 1270; x_wconf 82' lang='grc'><strong>,</strong></span> 
     </span>
     <span class='ocr_line' id='line_1_10' title="bbox 106 1274 1425 1383; baseline 0.002 -20"><span class='ocrx_word' id='word_1_83' title='bbox 106 1300 220 1364; x_wconf 77' lang='lat' dir='ltr'><strong>lectum</strong></span> <span class='ocrx_word' id='word_1_84' title='bbox 237 1304 331 1383; x_wconf 74' lang='lat' dir='ltr'><strong>quintu</strong></span> <span class='ocrx_word' id='word_1_85' title='bbox 351 1302 486 1383; x_wconf 82' lang='lat' dir='ltr'><strong>adeoque</strong></span> <span class='ocrx_word' id='word_1_86' title='bbox 507 1306 596 1381; x_wconf 88' lang='lat' dir='ltr'><strong>serti</strong></span> <span class='ocrx_word' id='word_1_87' title='bbox 618 1305 696 1365; x_wconf 87' lang='lat' dir='ltr'><strong>illius</strong></span> <span class='ocrx_word' id='word_1_88' title='bbox 718 1274 861 1366; x_wconf 83' lang='lat' dir='ltr'><strong>formulae</strong></span> <span class='ocrx_word' id='word_1_89' title='bbox 880 1307 1017 1381; x_wconf 85' lang='lat' dir='ltr'><strong>nescios,</strong></span> <span class='ocrx_word' id='word_1_90' title='bbox 1038 1302 1244 1382; x_wconf 35' lang='lat' dir='ltr'><strong>engilissale</strong></span> <span class='ocrx_word' id='word_1_91' title='bbox 1264 1304 1425 1366; x_wconf 87' lang='lat' dir='ltr'><strong>secuudum</strong></span> 
     </span>
     <span class='ocr_line' id='line_1_11' title="bbox 107 1398 1425 1487; baseline -0.001 -20"><span class='ocrx_word' id='word_1_92' title='bbox 107 1404 355 1467; x_wconf 78' lang='lat' dir='ltr'><strong>consuetudinem</strong></span> <span class='ocrx_word' id='word_1_93' title='bbox 379 1405 501 1466; x_wconf 77' lang='lat' dir='ltr'><strong>fratrum</strong></span> <span class='ocrx_word' id='word_1_94' title='bbox 529 1406 641 1468; x_wconf 85' lang='lat' dir='ltr'><strong>ordinis</strong></span> <span class='ocrx_word' id='word_1_95' title='bbox 669 1405 888 1483; x_wconf 74' lang='lat' dir='ltr'><strong>cisterciensis,</strong></span> <span class='ocrx_word' id='word_1_96' title='bbox 910 1413 1001 1487; x_wconf 91' lang='lat' dir='ltr'><strong>quod</strong></span> <span class='ocrx_word' id='word_1_97' title='bbox 1008 1406 1120 1486; x_wconf 88' lang='lat' dir='ltr'><strong>prodiit</strong></span> <span class='ocrx_word' id='word_1_98' title='bbox 1141 1398 1237 1471; x_wconf 81' lang='grc'><strong>1487.</strong></span> <span class='ocrx_word' id='word_1_99' title='bbox 1279 1406 1364 1467; x_wconf 88' lang='lat' dir='ltr'><strong>Nunc</strong></span> <span class='ocrx_word' id='word_1_100' title='bbox 1388 1402 1425 1467; x_wconf 86' lang='lat' dir='ltr'><strong>atl</strong></span> 
     </span>
     <span class='ocr_line' id='line_1_12' title="bbox 105 1504 1425 1591; baseline 0.001 -24"><span class='ocrx_word' id='word_1_101' title='bbox 105 1505 300 1589; x_wconf 83' lang='lat' dir='ltr'><strong>splendorem</strong></span> <span class='ocrx_word' id='word_1_102' title='bbox 324 1525 500 1568; x_wconf 87' lang='lat' dir='ltr'><strong>summarum</strong></span> <span class='ocrx_word' id='word_1_103' title='bbox 521 1508 713 1591; x_wconf 77' lang='lat' dir='ltr'><strong>festivitatum</strong></span> <span class='ocrx_word' id='word_1_104' title='bbox 739 1506 863 1588; x_wconf 87' lang='lat' dir='ltr'><strong>paucula</strong></span> <span class='ocrx_word' id='word_1_105' title='bbox 883 1509 1000 1569; x_wconf 87' lang='lat' dir='ltr'><strong>adiici</strong></span> <span class='ocrx_word' id='word_1_106' title='bbox 992 1527 1020 1568; x_wconf 91' lang='grc' dir='ltr'><strong>ιιι</strong></span> <span class='ocrx_word' id='word_1_107' title='bbox 1039 1504 1375 1571; x_wconf 72' lang='lat' dir='ltr'><strong>communicantes</strong></span> <span class='ocrx_word' id='word_1_108' title='bbox 1395 1517 1425 1568; x_wconf 91' lang='lat' dir='ltr'><strong>et</strong></span> 
     </span>
     <span class='ocr_line' id='line_1_13' title="bbox 105 1586 1264 1689; baseline -0.001 -19"><span class='ocrx_word' id='word_1_109' title='bbox 105 1606 210 1670; x_wconf 87' lang='lat' dir='ltr'><strong>llanc</strong></span> <span class='ocrx_word' id='word_1_110' title='bbox 232 1607 502 1669; x_wconf 89' lang='lat' dir='ltr'><strong>oblatiouom&#39;</strong></span> <span class='ocrx_word' id='word_1_111' title='bbox 494 1628 524 1670; x_wconf 93' lang='grc' dir='ltr'><strong>ιιι</strong></span> <span class='ocrx_word' id='word_1_112' title='bbox 539 1611 603 1689; x_wconf 89' lang='lat' dir='ltr'><strong>ipsa</strong></span> <span class='ocrx_word' id='word_1_113' title='bbox 617 1586 726 1669; x_wconf 76' lang='lat' dir='ltr'><strong>Tabula</strong></span> <span class='ocrx_word' id='word_1_114' title='bbox 745 1609 955 1688; x_wconf 81' lang='lat' dir='ltr'><strong>quadripertita</strong></span> <span class='ocrx_word' id='word_1_115' title='bbox 970 1609 1104 1669; x_wconf 84' lang='lat' dir='ltr'><strong>diximus</strong></span> <span class='ocrx_word' id='word_1_116' title='bbox 1193 1638 1200 1651; x_wconf 90' lang='lat'><em>·</em></span> <span class='ocrx_word' id='word_1_117' title='bbox 1257 1630 1264 1643; x_wconf 91' lang='lat'><strong>·</strong></span> 
     </span>
    </p>
   </div>
   <div class='ocr_carea' id='block_1_3' title="bbox 80 1807 1508 4655">
    <p class='ocr_par' dir='ltr' id='par_1_3' title="bbox 80 1807 1508 4655">
     <span class='ocr_line' id='line_1_14' title="bbox 80 1807 1425 1891; baseline 0.002 -22"><span class='ocrx_word' id='word_1_118' title='bbox 80 1844 83 1855; x_wconf 92' lang='lat'>·</span> <span class='ocrx_word' id='word_1_119' title='bbox 214 1807 307 1869; x_wconf 88' lang='lat' dir='ltr'><strong>xxlt.</strong></span> <span class='ocrx_word' id='word_1_120' title='bbox 330 1808 428 1871; x_wconf 86' lang='lat' dir='ltr'><strong>Primo</strong></span> <span class='ocrx_word' id='word_1_121' title='bbox 443 1808 600 1871; x_wconf 83' lang='lat' dir='ltr'><strong>natandum</strong></span> <span class='ocrx_word' id='word_1_122' title='bbox 615 1818 676 1887; x_wconf 85' lang='lat' dir='ltr'><strong>est,</strong></span> <span class='ocrx_word' id='word_1_123' title='bbox 697 1810 726 1869; x_wconf 93' lang='lat' dir='ltr'><strong>in</strong></span> <span class='ocrx_word' id='word_1_124' title='bbox 740 1808 912 1888; x_wconf 84' lang='lat' dir='ltr'><strong>quibusdam</strong></span> <span class='ocrx_word' id='word_1_125' title='bbox 932 1808 1042 1870; x_wconf 89' lang='lat' dir='ltr'><strong>libris</strong></span> <span class='ocrx_word' id='word_1_126' title='bbox 1033 1828 1089 1891; x_wconf 83' lang='lat' dir='ltr'><strong>uper</strong></span> <span class='ocrx_word' id='word_1_127' title='bbox 1083 1808 1345 1871; x_wconf 84' lang='lat' dir='ltr'><strong>Consecrationis</strong></span> <span class='ocrx_word' id='word_1_128' title='bbox 1366 1812 1425 1872; x_wconf 86' lang='lat' dir='ltr'><strong>ior·</strong></span> 
     </span>
     <span class='ocr_line' id='line_1_15' title="bbox 104 1907 1425 1996; baseline 0.001 -23.024"><span class='ocrx_word' id='word_1_129' title='bbox 104 1911 207 1975; x_wconf 83' lang='lat' dir='ltr'><strong>mulae</strong></span> <span class='ocrx_word' id='word_1_130' title='bbox 222 1912 412 1990; x_wconf 83' lang='lat' dir='ltr'><strong>praemissam</strong></span> <span class='ocrx_word' id='word_1_131' title='bbox 428 1931 497 1971; x_wconf 86' lang='lat' dir='ltr'><strong>esse</strong></span> <span class='ocrx_word' id='word_1_132' title='bbox 511 1913 674 1978; x_wconf 86' lang='lat' dir='ltr'><strong>orationem</strong></span> <span class='ocrx_word' id='word_1_133' title='bbox 689 1907 975 1992; x_wconf 78' lang='grc' dir='ltr'>παρασκευαστικήν</span> <span class='ocrx_word' id='word_1_134' title='bbox 995 1912 1043 1973; x_wconf 88' lang='lat' dir='ltr'><strong>vel</strong></span> <span class='ocrx_word' id='word_1_135' title='bbox 1060 1910 1278 1996; x_wconf 86' lang='lat' dir='ltr'><strong>intentionem,</strong></span> <span class='ocrx_word' id='word_1_136' title='bbox 1300 1922 1331 1974; x_wconf 92' lang='lat' dir='ltr'><strong>ut</strong></span> <span class='ocrx_word' id='word_1_137' title='bbox 1347 1913 1425 1977; x_wconf 85' lang='lat' dir='ltr'><strong>‹liae-¹</strong></span> 
     </span>
     <span class='ocr_line' id='line_1_16' title="bbox 105 2012 1424 2106; baseline 0 -29"><span class='ocrx_word' id='word_1_138' title='bbox 105 2014 189 2077; x_wconf 88' lang='lat' dir='ltr'><strong>bant.</strong></span> <span class='ocrx_word' id='word_1_139' title='bbox 204 2012 372 2074; x_wconf 82' lang='lat' dir='ltr'><strong>Relerends</strong></span> <span class='ocrx_word' id='word_1_140' title='bbox 387 2013 444 2074; x_wconf 88' lang='lat' dir='ltr'><strong>huo</strong></span> <span class='ocrx_word' id='word_1_141' title='bbox 457 2021 619 2093; x_wconf 62' lang='lat' dir='ltr'><strong>suntquae</strong></span> <span class='ocrx_word' id='word_1_142' title='bbox 634 2015 663 2074; x_wconf 92' lang='lat' dir='ltr'><strong>in</strong></span> <span class='ocrx_word' id='word_1_143' title='bbox 678 2012 898 2106; x_wconf 79' lang='lat' dir='ltr'><strong>ortlinellissae</strong></span> <span class='ocrx_word' id='word_1_144' title='bbox 909 2016 1079 2075; x_wconf 87' lang='lat' dir='ltr'><strong>monasterii</strong></span> <span class='ocrx_word' id='word_1_145' title='bbox 1090 2013 1259 2075; x_wconf 85' lang='lat' dir='ltr'><strong>Ursineusis</strong></span> <span class='ocrx_word' id='word_1_146' title='bbox 1273 2034 1352 2078; x_wconf 88' lang='lat' dir='ltr'><strong>saec.</strong></span> <span class='ocrx_word' id='word_1_147' title='bbox 1361 2014 1424 2078; x_wconf 71' lang='lat' dir='ltr'><strong>XV</strong></span> 
     </span>
     <span class='ocr_line' id='line_1_17' title="bbox 108 2110 1508 2197; baseline 0.002 -21"><span class='ocrx_word' id='word_1_148' title='bbox 108 2115 301 2189; x_wconf 76' lang='lat' dir='ltr'><strong>labentum,</strong></span> <span class='ocrx_word' id='word_1_149' title='bbox 304 2114 444 2192; x_wconf 86' lang='lat' dir='ltr'><strong>,intentio</strong></span> <span class='ocrx_word' id='word_1_150' title='bbox 459 2125 526 2175; x_wconf 86' lang='lat' dir='ltr'><strong>ante</strong></span> <span class='ocrx_word' id='word_1_151' title='bbox 542 2118 796 2177; x_wconf 89' lang='lat' dir='ltr'><strong>consecrationem</strong></span> <span class='ocrx_word' id='word_1_152' title='bbox 799 2134 891 2195; x_wconf 87' lang='lat' dir='ltr'><strong>‚quae</strong></span> <span class='ocrx_word' id='word_1_153' title='bbox 906 2125 1001 2178; x_wconf 88' lang='lat' dir='ltr'><strong>tamen</strong></span> <span class='ocrx_word' id='word_1_154' title='bbox 1017 2116 1123 2177; x_wconf 87' lang='lat' dir='ltr'><strong>dicitur</strong></span> <span class='ocrx_word' id='word_1_155' title='bbox 1138 2118 1204 2176; x_wconf 89' lang='lat' dir='ltr'><strong>siue</strong></span> <span class='ocrx_word' id='word_1_156' title='bbox 1218 2110 1344 2197; x_wconf 90' lang='lat' dir='ltr'><strong>strepitu</strong></span> <span class='ocrx_word' id='word_1_157' title='bbox 1359 2137 1425 2179; x_wconf 91' lang='lat' dir='ltr'><strong>ver·</strong></span> <span class='ocrx_word' id='word_1_158' title='bbox 1505 2138 1508 2143; x_wconf 77' lang='grc'><strong>’</strong></span> 
     </span>
     <span class='ocr_line' id='line_1_18' title="bbox 109 2160 1426 2298; baseline 0.002 -19"><span class='ocrx_word' id='word_1_159' title='bbox 109 2206 223 2281; x_wconf 88' lang='lat' dir='ltr'><strong>borum.</strong></span> <span class='ocrx_word' id='word_1_160' title='bbox 259 2160 384 2278; x_wconf 79' lang='lat' dir='ltr'><strong>Inleado</strong></span> <span class='ocrx_word' id='word_1_161' title='bbox 402 2235 484 2277; x_wconf 85' lang='lat' dir='ltr'><strong>nanc</strong></span> <span class='ocrx_word' id='word_1_162' title='bbox 507 2215 731 2278; x_wconf 72' lang='lat' dir='ltr'><strong>clementissime</strong></span> <span class='ocrx_word' id='word_1_163' title='bbox 750 2217 837 2280; x_wconf 82' lang='lat' dir='ltr'><strong>Dens</strong></span> <span class='ocrx_word' id='word_1_164' title='bbox 861 2228 1043 2279; x_wconf 78' lang='lat' dir='ltr'><strong>amaseerare</strong></span> <span class='ocrx_word' id='word_1_165' title='bbox 1067 2234 1178 2295; x_wconf 87' lang='lat' dir='ltr'><strong>panem</strong></span> <span class='ocrx_word' id='word_1_166' title='bbox 1207 2219 1240 2279; x_wconf 88' lang='lat' dir='ltr'><strong>in</strong></span> <span class='ocrx_word' id='word_1_167' title='bbox 1258 2232 1370 2298; x_wconf 73' lang='lat' dir='ltr'><strong>corpas</strong></span> <span class='ocrx_word' id='word_1_168' title='bbox 1395 2227 1426 2282; x_wconf 86' lang='lat' dir='ltr'><strong>el</strong></span> 
     </span>
     <span class='ocr_line' id='line_1_19' title="bbox 108 2318 1423 2397; baseline 0.004 -17"><span class='ocrx_word' id='word_1_169' title='bbox 108 2320 212 2381; x_wconf 72' lang='lat' dir='ltr'><strong>aimon</strong></span> <span class='ocrx_word' id='word_1_170' title='bbox 223 2320 255 2379; x_wconf 87' lang='lat' dir='ltr'><strong>in</strong></span> <span class='ocrx_word' id='word_1_171' title='bbox 269 2319 445 2397; x_wconf 69' lang='lat' dir='ltr'><strong>coinquinent</strong></span> <span class='ocrx_word' id='word_1_172' title='bbox 455 2318 577 2380; x_wconf 86' lang='lat' dir='ltr'><strong>Domini</strong></span> <span class='ocrx_word' id='word_1_173' title='bbox 587 2322 685 2380; x_wconf 83' lang='lat' dir='ltr'><strong>nostri</strong></span> <span class='ocrx_word' id='word_1_174' title='bbox 697 2320 768 2380; x_wconf 88' lang='lat' dir='ltr'><strong>lesa</strong></span> <span class='ocrx_word' id='word_1_175' title='bbox 783 2319 917 2381; x_wconf 71' lang='lat' dir='ltr'><strong>Christi</strong></span> <span class='ocrx_word' id='word_1_176' title='bbox 905 2339 937 2380; x_wconf 87' lang='lat' dir='ltr'><strong>m</strong></span> <span class='ocrx_word' id='word_1_177' title='bbox 950 2322 1125 2380; x_wconf 78' lang='lat' dir='ltr'><strong>rnenmriam</strong></span> <span class='ocrx_word' id='word_1_178' title='bbox 1134 2322 1289 2397; x_wconf 68' lang='lat' dir='ltr'><strong>passiones</strong></span> <span class='ocrx_word' id='word_1_179' title='bbox 1304 2329 1333 2384; x_wconf 85' lang='lat' dir='ltr'><strong>et</strong></span> <span class='ocrx_word' id='word_1_180' title='bbox 1345 2341 1423 2384; x_wconf 88' lang='lat' dir='ltr'><strong>mar·</strong></span> 
     </span>
     <span class='ocr_line' id='line_1_20' title="bbox 108 2420 1424 2499; baseline 0.003 -17"><span class='ocrx_word' id='word_1_181' title='bbox 108 2423 150 2482; x_wconf 87' lang='lat' dir='ltr'><strong>tis</strong></span> <span class='ocrx_word' id='word_1_182' title='bbox 162 2422 228 2482; x_wconf 77' lang='lat' dir='ltr'><strong>eins</strong></span> <span class='ocrx_word' id='word_1_183' title='bbox 243 2439 301 2499; x_wconf 87' lang='lat' dir='ltr'><strong>per</strong></span> <span class='ocrx_word' id='word_1_184' title='bbox 319 2421 414 2482; x_wconf 84' lang='lat' dir='ltr'><strong>rerba</strong></span> <span class='ocrx_word' id='word_1_185' title='bbox 431 2422 565 2482; x_wconf 82' lang='lat' dir='ltr'><strong>eiusdem</strong></span> <span class='ocrx_word' id='word_1_186' title='bbox 587 2422 752 2482; x_wconf 82' lang='lat' dir='ltr'><strong>salvatoris</strong></span> <span class='ocrx_word' id='word_1_187' title='bbox 764 2424 863 2482; x_wconf 87' lang='lat' dir='ltr'><strong>nostri</strong></span> <span class='ocrx_word' id='word_1_188' title='bbox 875 2421 946 2482; x_wconf 81' lang='lat' dir='ltr'><strong>lesu</strong></span> <span class='ocrx_word' id='word_1_189' title='bbox 960 2421 1084 2482; x_wconf 71' lang='lat' dir='ltr'><strong>Christi.</strong></span> <span class='ocrx_word' id='word_1_190' title='bbox 1113 2420 1174 2494; x_wconf 83' lang='lat' dir='ltr'><strong>Qui</strong></span> <span class='ocrx_word' id='word_1_191' title='bbox 1188 2424 1296 2498; x_wconf 84' lang='lat' dir='ltr'><strong>pridie.</strong></span> <span class='ocrx_word' id='word_1_192' title='bbox 1330 2427 1424 2486; x_wconf 86' lang='lat' dir='ltr'><strong>Porro</strong></span> 
     </span>
     <span class='ocr_line' id='line_1_21' title="bbox 109 2508 1488 2603; baseline -0.001 -18"><span class='ocrx_word' id='word_1_193' title='bbox 109 2525 230 2585; x_wconf 82' lang='lat' dir='ltr'><strong>diuersa</strong></span> <span class='ocrx_word' id='word_1_194' title='bbox 244 2535 307 2585; x_wconf 89' lang='lat' dir='ltr'><strong>erat</strong></span> <span class='ocrx_word' id='word_1_195' title='bbox 321 2524 513 2585; x_wconf 87' lang='lat' dir='ltr'><strong>ecclesiarum</strong></span> <span class='ocrx_word' id='word_1_196' title='bbox 528 2525 712 2586; x_wconf 83' lang='lat' dir='ltr'><strong>consuetudo</strong></span> <span class='ocrx_word' id='word_1_197' title='bbox 732 2534 821 2603; x_wconf 88' lang='lat' dir='ltr'><strong>atque</strong></span> <span class='ocrx_word' id='word_1_198' title='bbox 835 2508 996 2584; x_wconf 86' lang='lat' dir='ltr'><strong>institutum</strong></span> <span class='ocrx_word' id='word_1_199' title='bbox 1015 2527 1045 2583; x_wconf 92' lang='lat' dir='ltr'><strong>in</strong></span> <span class='ocrx_word' id='word_1_200' title='bbox 1064 2525 1121 2583; x_wconf 92' lang='lat' dir='ltr'><strong>ritu</strong></span> <span class='ocrx_word' id='word_1_201' title='bbox 1139 2523 1324 2583; x_wconf 79' lang='lat' dir='ltr'><strong>elevationis.</strong></span> <span class='ocrx_word' id='word_1_202' title='bbox 1358 2525 1425 2585; x_wconf 83' lang='lat' dir='ltr'><strong>liin·</strong></span> <span class='ocrx_word' id='word_1_203' title='bbox 1485 2532 1488 2537; x_wconf 87' lang='lat'>&#39;</span> 
     </span>
     <span class='ocr_line' id='line_1_22' title="bbox 112 2621 1427 2707; baseline -0.002 -19"><span class='ocrx_word' id='word_1_204' title='bbox 112 2628 245 2707; x_wconf 71' lang='lat' dir='ltr'><strong>terimius</strong></span> <span class='ocrx_word' id='word_1_205' title='bbox 264 2627 285 2687; x_wconf 90' lang='lat' dir='ltr'><strong>l.</strong></span> <span class='ocrx_word' id='word_1_206' title='bbox 299 2647 325 2687; x_wconf 87' lang='lat' dir='ltr'><strong>c.</strong></span> <span class='ocrx_word' id='word_1_207' title='bbox 340 2646 370 2706; x_wconf 87' lang='lat' dir='ltr'><strong>p.</strong></span> <span class='ocrx_word' id='word_1_208' title='bbox 383 2623 463 2687; x_wconf 81' lang='lat'><strong>431:</strong></span> <span class='ocrx_word' id='word_1_209' title='bbox 492 2625 559 2689; x_wconf 84' lang='lat' dir='ltr'><strong>Der</strong></span> <span class='ocrx_word' id='word_1_210' title='bbox 575 2626 636 2686; x_wconf 82' lang='lat' dir='ltr'><strong>nite</strong></span> <span class='ocrx_word' id='word_1_211' title='bbox 656 2625 817 2687; x_wconf 80' lang='lat' dir='ltr'><strong>lt&#39;iilniselsc</strong></span> <span class='ocrx_word' id='word_1_212' title='bbox 837 2622 921 2686; x_wconf 73' lang='lat' dir='ltr'><strong>Ornia</strong></span> <span class='ocrx_word' id='word_1_213' title='bbox 946 2623 999 2685; x_wconf 82' lang='lat' dir='ltr'><strong>lat</strong></span> <span class='ocrx_word' id='word_1_214' title='bbox 1021 2622 1069 2699; x_wconf 71' lang='lat' dir='ltr'><strong>lei</strong></span> <span class='ocrx_word' id='word_1_215' title='bbox 1086 2622 1152 2683; x_wconf 82' lang='lat' dir='ltr'><strong>den.</strong></span> <span class='ocrx_word' id='word_1_216' title='bbox 1168 2621 1291 2683; x_wconf 86' lang='lat' dir='ltr'><strong>Warten</strong></span> <span class='ocrx_word' id='word_1_217' title='bbox 1310 2625 1427 2703; x_wconf 86' lang='lat' dir='ltr'><strong>accepit</strong></span> 
     </span>
     <span class='ocr_line' id='line_1_23' title="bbox 106 2712 1440 2808; baseline -0.001 -19"><span class='ocrx_word' id='word_1_218' title='bbox 106 2712 584 2808; x_wconf 57' lang='lat' dir='ltr'><strong>mantuanensem</strong></span> <span class='ocrx_word' id='word_1_219' title='bbox 596 2728 725 2790; x_wconf 67' lang='lat' dir='ltr'><strong>menn</strong></span> <span class='ocrx_word' id='word_1_220' title='bbox 742 2729 807 2790; x_wconf 74' lang='lat' dir='ltr'><strong>nna</strong></span> <span class='ocrx_word' id='word_1_221' title='bbox 818 2744 875 2789; x_wconf 78' lang='lat' dir='ltr'><strong>eor</strong></span> <span class='ocrx_word' id='word_1_222' title='bbox 885 2727 941 2786; x_wconf 75' lang='lat' dir='ltr'><strong>aer</strong></span> <span class='ocrx_word' id='word_1_223' title='bbox 953 2723 1295 2803; x_wconf 57' lang='lat' dir='ltr'><strong>ammentante</strong></span> <span class='ocrx_word' id='word_1_224' title='bbox 1305 2726 1354 2787; x_wconf 74' lang='lat' dir='ltr'><strong>aer</strong></span> <span class='ocrx_word' id='word_1_225' title='bbox 1368 2723 1440 2789; x_wconf 66' lang='lat' dir='ltr'><strong>aas·</strong></span> 
     </span>
     <span class='ocr_line' id='line_1_24' title="bbox 115 2828 1425 2909; baseline -0.001 -17"><span class='ocrx_word' id='word_1_226' title='bbox 115 2829 256 2892; x_wconf 82' lang='lat' dir='ltr'><strong>Worlen:</strong></span> <span class='ocrx_word' id='word_1_227' title='bbox 274 2832 401 2909; x_wconf 84' lang='lat' dir='ltr'><strong>accipite</strong></span> <span class='ocrx_word' id='word_1_228' title='bbox 420 2838 449 2891; x_wconf 81' lang='lat' dir='ltr'><strong>el</strong></span> <span class='ocrx_word' id='word_1_229' title='bbox 468 2832 666 2893; x_wconf 76' lang='lat' dir='ltr'><strong>mndncatc:</strong></span> <span class='ocrx_word' id='word_1_230' title='bbox 686 2831 734 2891; x_wconf 85' lang='lat' dir='ltr'><strong>lic</strong></span> <span class='ocrx_word' id='word_1_231' title='bbox 753 2831 834 2892; x_wconf 84' lang='lat' dir='ltr'><strong>lecal</strong></span> <span class='ocrx_word' id='word_1_232' title='bbox 853 2829 953 2890; x_wconf 83' lang='lat' dir='ltr'><strong>altius.</strong></span> <span class='ocrx_word' id='word_1_233' title='bbox 988 2828 1099 2901; x_wconf 80' lang='lat' dir='ltr'><strong>Dieser</strong></span> <span class='ocrx_word' id='word_1_234' title='bbox 1119 2828 1207 2888; x_wconf 66' lang='lat' dir='ltr'><strong>Bias</strong></span> <span class='ocrx_word' id='word_1_235' title='bbox 1224 2846 1293 2890; x_wconf 83' lang='lat' dir='ltr'><strong>soar</strong></span> <span class='ocrx_word' id='word_1_236' title='bbox 1310 2831 1351 2890; x_wconf 87' lang='lat' dir='ltr'><strong>im</strong></span> <span class='ocrx_word' id='word_1_237' title='bbox 1371 2830 1425 2896; x_wconf 85' lang='lat' dir='ltr'><strong>Xl.</strong></span> 
     </span>
     <span class='ocr_line' id='line_1_25' title="bbox 108 2930 1427 3011; baseline -0.002 -15"><span class='ocrx_word' id='word_1_238' title='bbox 108 2934 158 2996; x_wconf 77' lang='lat' dir='ltr'><strong>ln&#39;s</strong></span> <span class='ocrx_word' id='word_1_239' title='bbox 169 2951 242 2993; x_wconf 74' lang='lat' dir='ltr'><strong>anm</strong></span> <span class='ocrx_word' id='word_1_240' title='bbox 255 2932 338 2994; x_wconf 83' lang='lat' dir='ltr'><strong>xtt&#39;.</strong></span> <span class='ocrx_word' id='word_1_241' title='bbox 350 2932 555 2994; x_wconf 78' lang='lat' dir='ltr'><strong>Jaltrltnstslert</strong></span> <span class='ocrx_word' id='word_1_242' title='bbox 564 2936 599 2994; x_wconf 89' lang='lat' dir='ltr'><strong>in</strong></span> <span class='ocrx_word' id='word_1_243' title='bbox 610 2933 817 2995; x_wconf 83' lang='lat' dir='ltr'><strong>Deatscltland</strong></span> <span class='ocrx_word' id='word_1_244' title='bbox 832 2932 899 3011; x_wconf 80' lang='lat' dir='ltr'><strong>fast</strong></span> <span class='ocrx_word' id='word_1_245' title='bbox 911 2931 1077 3010; x_wconf 74' lang='lat' dir='ltr'><strong>ailqentein,</strong></span> <span class='ocrx_word' id='word_1_246' title='bbox 1090 2930 1222 3010; x_wconf 71' lang='lat' dir='ltr'><strong>upsalen</strong></span> <span class='ocrx_word' id='word_1_247' title='bbox 1234 2950 1270 2991; x_wconf 89' lang='lat' dir='ltr'><strong>er</strong></span> <span class='ocrx_word' id='word_1_248' title='bbox 1280 2932 1427 2994; x_wconf 76' lang='lat' dir='ltr'><strong>melmal</strong></span> 
     </span>
     <span class='ocr_line' id='line_1_26' title="bbox 96 3030 1443 3128; baseline -0.003 -29"><span class='ocrx_word' id='word_1_249' title='bbox 96 3035 170 3099; x_wconf 83' lang='lat' dir='ltr'><strong>‘oon</strong></span> <span class='ocrx_word' id='word_1_250' title='bbox 193 3033 482 3128; x_wconf 59' lang='lat' dir='ltr'><strong>denssorrcilienisl</strong></span> <span class='ocrx_word' id='word_1_251' title='bbox 504 3037 647 3097; x_wconf 82' lang='lat' dir='ltr'><strong>eerbnten</strong></span> <span class='ocrx_word' id='word_1_252' title='bbox 666 3037 798 3100; x_wconf 85' lang='lat' dir='ltr'><strong>worden.</strong></span> <span class='ocrx_word' id='word_1_253' title='bbox 832 3036 892 3123; x_wconf 75' lang='lat' dir='ltr'><strong>liic</strong></span> <span class='ocrx_word' id='word_1_254' title='bbox 910 3033 1029 3113; x_wconf 75' lang='lat' dir='ltr'><strong>Synnade</strong></span> <span class='ocrx_word' id='word_1_255' title='bbox 1049 3051 1109 3093; x_wconf 89' lang='lat' dir='ltr'><strong>oon</strong></span> <span class='ocrx_word' id='word_1_256' title='bbox 1130 3032 1217 3094; x_wconf 81' lang='lat' dir='ltr'><strong>i&#39;rier</strong></span> <span class='ocrx_word' id='word_1_257' title='bbox 1237 3030 1318 3095; x_wconf 74' lang='lat'><strong>1227</strong></span> <span class='ocrx_word' id='word_1_258' title='bbox 1337 3040 1443 3123; x_wconf 77' lang='lat' dir='ltr'><strong>sapt:¹</strong></span> 
     </span>
     <span class='ocr_line' id='line_1_27' title="bbox 109 3130 1426 3214; baseline -0.001 -14"><span class='ocrx_word' id='word_1_259' title='bbox 109 3136 222 3201; x_wconf 72' lang='lat' dir='ltr'><strong>Hostia</strong></span> <span class='ocrx_word' id='word_1_260' title='bbox 238 3146 309 3199; x_wconf 77' lang='lat' dir='ltr'><strong>astte</strong></span> <span class='ocrx_word' id='word_1_261' title='bbox 326 3134 675 3199; x_wconf 73' lang='lat' dir='ltr'><strong>transsubstantiationis</strong></span> <span class='ocrx_word' id='word_1_262' title='bbox 687 3130 787 3199; x_wconf 76' lang='lat' dir='ltr'><strong>‘cerba</strong></span> <span class='ocrx_word' id='word_1_263' title='bbox 805 3156 866 3199; x_wconf 91' lang='lat' dir='ltr'><strong>non</strong></span> <span class='ocrx_word' id='word_1_264' title='bbox 885 3136 1019 3197; x_wconf 88' lang='lat' dir='ltr'><strong>eleoetnr</strong></span> <span class='ocrx_word' id='word_1_265' title='bbox 1032 3136 1075 3196; x_wconf 74' lang='lat' dir='ltr'><strong>ael</strong></span> <span class='ocrx_word' id='word_1_266' title='bbox 1092 3137 1236 3214; x_wconf 75' lang='lat' dir='ltr'><strong>populuum</strong></span> <span class='ocrx_word' id='word_1_267' title='bbox 1253 3136 1353 3212; x_wconf 79' lang='lat' dir='ltr'><strong>(Torn.</strong></span> <span class='ocrx_word' id='word_1_268' title='bbox 1367 3138 1426 3199; x_wconf 83' lang='grc' dir='ltr'><strong><em>ΙΙΙ.</em></strong></span> 
     </span>
     <span class='ocr_line' id='line_1_28' title="bbox 109 3235 1473 3326; baseline -0.001 -24"><span class='ocrx_word' id='word_1_269' title='bbox 109 3240 224 3323; x_wconf 72' lang='lat' dir='ltr'><strong>Cornell</strong></span> <span class='ocrx_word' id='word_1_270' title='bbox 240 3241 342 3323; x_wconf 35' lang='lat' dir='ltr'><strong>Germ..</strong></span> <span class='ocrx_word' id='word_1_271' title='bbox 350 3258 382 3323; x_wconf 68' lang='lat' dir='ltr'><strong>p2</strong></span> <span class='ocrx_word' id='word_1_272' title='bbox 398 3236 489 3317; x_wconf 59' lang='lat'><strong>520:</strong></span> <span class='ocrx_word' id='word_1_273' title='bbox 517 3241 558 3302; x_wconf 84' lang='lat' dir='ltr'><strong>So</strong></span> <span class='ocrx_word' id='word_1_274' title='bbox 570 3241 650 3302; x_wconf 72' lang='lat' dir='ltr'><strong>oncle</strong></span> <span class='ocrx_word' id='word_1_275' title='bbox 664 3241 711 3301; x_wconf 79' lang='lat' dir='ltr'><strong>alie</strong></span> <span class='ocrx_word' id='word_1_276' title='bbox 727 3240 847 3320; x_wconf 73' lang='lat' dir='ltr'><strong>Synnade</strong></span> <span class='ocrx_word' id='word_1_277' title='bbox 861 3257 920 3317; x_wconf 73' lang='lat' dir='ltr'><strong>eon</strong></span> <span class='ocrx_word' id='word_1_278' title='bbox 933 3237 1012 3299; x_wconf 75' lang='lat' dir='ltr'><strong>Killa</strong></span> <span class='ocrx_word' id='word_1_279' title='bbox 1026 3235 1127 3309; x_wconf 66' lang='lat'>1257:</span> <span class='ocrx_word' id='word_1_280' title='bbox 1150 3238 1262 3325; x_wconf 24' lang='lat' dir='ltr'><strong>,Notas</strong></span> <span class='ocrx_word' id='word_1_281' title='bbox 1273 3239 1426 3303; x_wconf 73' lang='lat' dir='ltr'><strong>roceam</strong></span> <span class='ocrx_word' id='word_1_282' title='bbox 1466 3312 1473 3326; x_wconf 41' lang='lat'><strong>‚</strong></span> 
     </span>
     <span class='ocr_line' id='line_1_29' title="bbox 109 3340 1425 3421; baseline -0.003 -15"><span class='ocrx_word' id='word_1_283' title='bbox 109 3343 207 3406; x_wconf 81' lang='lat' dir='ltr'><strong>eleuet</strong></span> <span class='ocrx_word' id='word_1_284' title='bbox 232 3342 361 3405; x_wconf 69' lang='lat' dir='ltr'><strong>lostam</strong></span> <span class='ocrx_word' id='word_1_285' title='bbox 380 3344 654 3405; x_wconf 59' lang='lat' dir='ltr'><strong>messanensium</strong></span> <span class='ocrx_word' id='word_1_286' title='bbox 677 3344 806 3421; x_wconf 84' lang='lat' dir='ltr'><strong>populo,</strong></span> <span class='ocrx_word' id='word_1_287' title='bbox 828 3344 889 3404; x_wconf 68' lang='lat' dir='ltr'><strong>nisi</strong></span> <span class='ocrx_word' id='word_1_288' title='bbox 906 3348 1068 3420; x_wconf 71' lang='lat' dir='ltr'><strong>postqmm</strong></span> <span class='ocrx_word' id='word_1_289' title='bbox 1086 3340 1199 3402; x_wconf 72' lang='lat' dir='ltr'><strong>diceret</strong></span> <span class='ocrx_word' id='word_1_290' title='bbox 1217 3341 1293 3403; x_wconf 84' lang='lat' dir='ltr'><strong>laec</strong></span> <span class='ocrx_word' id='word_1_291' title='bbox 1311 3344 1425 3406; x_wconf 82' lang='lat' dir='ltr'><strong>cerba.-</strong></span> 
     </span>
     <span class='ocr_line' id='line_1_30' title="bbox 111 3443 1426 3525; baseline -0.002 -17"><span class='ocrx_word' id='word_1_292' title='bbox 111 3444 178 3508; x_wconf 80' lang='lat' dir='ltr'><strong>Hoc</strong></span> <span class='ocrx_word' id='word_1_293' title='bbox 189 3448 328 3507; x_wconf 70' lang='lat' dir='ltr'><strong>ostentm</strong></span> <span class='ocrx_word' id='word_1_294' title='bbox 341 3444 459 3525; x_wconf 80' lang='lat' dir='ltr'><strong>Corprss</strong></span> <span class='ocrx_word' id='word_1_295' title='bbox 476 3465 590 3523; x_wconf 80' lang='lat' dir='ltr'><strong>means,</strong></span> <span class='ocrx_word' id='word_1_296' title='bbox 612 3452 642 3507; x_wconf 86' lang='lat' dir='ltr'><strong>et</strong></span> <span class='ocrx_word' id='word_1_297' title='bbox 661 3446 802 3524; x_wconf 80' lang='lat' dir='ltr'><strong>pulsetur</strong></span> <span class='ocrx_word' id='word_1_298' title='bbox 821 3445 894 3507; x_wconf 83' lang='lat' dir='ltr'><strong>stola</strong></span> <span class='ocrx_word' id='word_1_299' title='bbox 913 3445 1011 3505; x_wconf 74' lang='lat' dir='ltr'><strong>triens</strong></span> <span class='ocrx_word' id='word_1_300' title='bbox 1029 3443 1139 3504; x_wconf 77' lang='lat' dir='ltr'><strong>latibus</strong></span> <span class='ocrx_word' id='word_1_301' title='bbox 1151 3464 1192 3506; x_wconf 77' lang='lat' dir='ltr'><strong>aar</strong></span> <span class='ocrx_word' id='word_1_302' title='bbox 1204 3463 1267 3506; x_wconf 85' lang='lat' dir='ltr'><strong>ana</strong></span> <span class='ocrx_word' id='word_1_303' title='bbox 1277 3455 1377 3525; x_wconf 82' lang='lat' dir='ltr'><strong>parte,</strong></span> <span class='ocrx_word' id='word_1_304' title='bbox 1391 3453 1426 3506; x_wconf 87' lang='lat' dir='ltr'><strong>nl</strong></span> 
     </span>
     <span class='ocr_line' id='line_1_31' title="bbox 108 3546 1426 3629; baseline -0.001 -20"><span class='ocrx_word' id='word_1_305' title='bbox 108 3547 224 3628; x_wconf 68' lang='lat' dir='ltr'><strong>fideles,</strong></span> <span class='ocrx_word' id='word_1_306' title='bbox 242 3549 294 3628; x_wconf 80' lang='lat' dir='ltr'><strong>qai</strong></span> <span class='ocrx_word' id='word_1_307' title='bbox 309 3549 470 3626; x_wconf 76' lang='lat' dir='ltr'><strong>audierint,</strong></span> <span class='ocrx_word' id='word_1_308' title='bbox 484 3549 652 3628; x_wconf 74' lang='lat' dir='ltr'><strong>nbimtnqne</strong></span> <span class='ocrx_word' id='word_1_309' title='bbox 662 3548 778 3626; x_wconf 72' lang='lat' dir='ltr'><strong>sinerint</strong></span> <span class='ocrx_word' id='word_1_310' title='bbox 790 3549 912 3608; x_wconf 81' lang='lat' dir='ltr'><strong>ueniunt</strong></span> <span class='ocrx_word' id='word_1_311' title='bbox 931 3554 960 3629; x_wconf 84' lang='lat' dir='ltr'><strong>et</strong></span> <span class='ocrx_word' id='word_1_312' title='bbox 974 3548 1103 3607; x_wconf 82' lang='lat' dir='ltr'><strong>adorent</strong></span> <span class='ocrx_word' id='word_1_313' title='bbox 1115 3546 1134 3611; x_wconf 90' lang='lat' dir='ltr'><strong>l.</strong></span> <span class='ocrx_word' id='word_1_314' title='bbox 1149 3568 1175 3610; x_wconf 88' lang='lat' dir='ltr'><strong>e.</strong></span> <span class='ocrx_word' id='word_1_315' title='bbox 1190 3547 1219 3611; x_wconf 84' lang='lat' dir='ltr'><strong>sl.</strong></span> <span class='ocrx_word' id='word_1_316' title='bbox 1233 3547 1304 3611; x_wconf 78' lang='lat'><strong>662.</strong></span> <span class='ocrx_word' id='word_1_317' title='bbox 1342 3550 1426 3609; x_wconf 86' lang='lat' dir='ltr'><strong>Nunc</strong></span> 
     </span>
     <span class='ocr_line' id='line_1_32' title="bbox 112 3649 1426 3731; baseline -0.005 -17"><span class='ocrx_word' id='word_1_318' title='bbox 112 3671 172 3714; x_wconf 93' lang='lat' dir='ltr'><strong>nuo</strong></span> <span class='ocrx_word' id='word_1_319' title='bbox 188 3653 354 3731; x_wconf 85' lang='lat' dir='ltr'><strong>eodemque</strong></span> <span class='ocrx_word' id='word_1_320' title='bbox 367 3653 455 3714; x_wconf 91' lang='lat' dir='ltr'><strong>modo</strong></span> <span class='ocrx_word' id='word_1_321' title='bbox 470 3653 502 3712; x_wconf 84' lang='lat' dir='ltr'><strong>fit</strong></span> <span class='ocrx_word' id='word_1_322' title='bbox 517 3652 655 3713; x_wconf 84' lang='lat' dir='ltr'><strong>elevatio.</strong></span> <span class='ocrx_word' id='word_1_323' title='bbox 692 3651 811 3712; x_wconf 81' lang='lat' dir='ltr'><strong>Misaale</strong></span> <span class='ocrx_word' id='word_1_324' title='bbox 827 3651 1045 3712; x_wconf 73' lang='lat' dir='ltr'><strong>carmelitarum</strong></span> <span class='ocrx_word' id='word_1_325' title='bbox 1060 3661 1129 3730; x_wconf 92' lang='lat' dir='ltr'><strong>post</strong></span> <span class='ocrx_word' id='word_1_326' title='bbox 1147 3652 1342 3713; x_wconf 85' lang='lat' dir='ltr'><strong>elevationem</strong></span> <span class='ocrx_word' id='word_1_327' title='bbox 1358 3649 1426 3709; x_wconf 86' lang='lat' dir='ltr'><strong>cali-</strong></span> 
     </span>
     <span class='ocr_line' id='line_1_33' title="bbox 111 3751 1503 3835; baseline -0.004 -18"><span class='ocrx_word' id='word_1_328' title='bbox 111 3757 293 3821; x_wconf 83' lang='lat' dir='ltr'><strong>cis,recitari</strong></span> <span class='ocrx_word' id='word_1_329' title='bbox 319 3757 465 3835; x_wconf 88' lang='lat' dir='ltr'><strong>praecipit</strong></span> <span class='ocrx_word' id='word_1_330' title='bbox 484 3754 588 3815; x_wconf 88' lang='lat' dir='ltr'><strong>dicbus</strong></span> <span class='ocrx_word' id='word_1_331' title='bbox 614 3755 768 3816; x_wconf 79' lang='lat' dir='ltr'><strong>ferialibus</strong></span> <span class='ocrx_word' id='word_1_332' title='bbox 792 3755 1041 3831; x_wconf 81' lang='lat' dir='ltr'><strong>Quadregesimae</strong></span> <span class='ocrx_word' id='word_1_333' title='bbox 1067 3755 1096 3813; x_wconf 92' lang='lat' dir='ltr'><strong>in</strong></span> <span class='ocrx_word' id='word_1_334' title='bbox 1122 3754 1210 3814; x_wconf 85' lang='lat' dir='ltr'><strong>llissa</strong></span> <span class='ocrx_word' id='word_1_335' title='bbox 1238 3751 1425 3814; x_wconf 86' lang='lat' dir='ltr'><strong>conventuali</strong></span> <span class='ocrx_word' id='word_1_336' title='bbox 1487 3818 1503 3832; x_wconf 55' lang='grc'><em>,</em></span> 
     </span>
     <span class='ocr_line' id='line_1_34' title="bbox 112 3854 1427 3933; baseline -0.003 -15"><span class='ocrx_word' id='word_1_337' title='bbox 112 3858 271 3919; x_wconf 83' lang='lat' dir='ltr'><strong>l’salmum:</strong></span> <span class='ocrx_word' id='word_1_338' title='bbox 296 3856 381 3918; x_wconf 82' lang='lat' dir='ltr'><strong>Deus</strong></span> <span class='ocrx_word' id='word_1_339' title='bbox 400 3863 544 3917; x_wconf 80' lang='lat' dir='ltr'><strong>venerant</strong></span> <span class='ocrx_word' id='word_1_340' title='bbox 561 3865 663 3933; x_wconf 81' lang='lat' dir='ltr'><strong>pentes</strong></span> <span class='ocrx_word' id='word_1_341' title='bbox 691 3854 754 3917; x_wconf 78' lang='lat' dir='ltr'><strong>c&#39;um</strong></span> <span class='ocrx_word' id='word_1_342' title='bbox 781 3857 836 3919; x_wconf 90' lang='lat' dir='ltr'><strong>hac</strong></span> <span class='ocrx_word' id='word_1_343' title='bbox 855 3859 1007 3920; x_wconf 87' lang='lat' dir='ltr'><strong>oratioue:</strong></span> <span class='ocrx_word' id='word_1_344' title='bbox 1034 3854 1220 3916; x_wconf 85' lang='lat' dir='ltr'><strong>Pienlissirne</strong></span> <span class='ocrx_word' id='word_1_345' title='bbox 1243 3854 1347 3929; x_wconf 85' lang='lat' dir='ltr'><strong>Deus,</strong></span> <span class='ocrx_word' id='word_1_346' title='bbox 1375 3854 1427 3931; x_wconf 80' lang='lat' dir='ltr'><strong>qai</strong></span> 
     </span>
     <span class='ocr_line' id='line_1_35' title="bbox 112 3954 1426 4039; baseline -0.002 -19"><span class='ocrx_word' id='word_1_347' title='bbox 112 3959 299 4039; x_wconf 71' lang='grc' dir='ltr'>ιἰιὶᾳιιίιαισιιι</span> <span class='ocrx_word' id='word_1_348' title='bbox 316 3960 359 4020; x_wconf 80' lang='lat' dir='ltr'><strong>ad</strong></span> <span class='ocrx_word' id='word_1_349' title='bbox 377 3966 405 4019; x_wconf 89' lang='lat' dir='ltr'><strong>te</strong></span> <span class='ocrx_word' id='word_1_350' title='bbox 424 3973 638 4021; x_wconf 79' lang='lat' dir='ltr'><strong>conversorum</strong></span> <span class='ocrx_word' id='word_1_351' title='bbox 650 3975 711 4017; x_wconf 90' lang='lat' dir='ltr'><strong>non</strong></span> <span class='ocrx_word' id='word_1_352' title='bbox 723 3960 909 4034; x_wconf 80' lang='lat' dir='ltr'><strong>recordaris,</strong></span> <span class='ocrx_word' id='word_1_353' title='bbox 929 3959 986 4020; x_wconf 83' lang='lat' dir='ltr'><strong>sed</strong></span> <span class='ocrx_word' id='word_1_354' title='bbox 1005 3975 1110 4019; x_wconf 77' lang='lat' dir='ltr'><strong>eorum</strong></span> <span class='ocrx_word' id='word_1_355' title='bbox 1127 3958 1254 4037; x_wconf 70' lang='lat' dir='ltr'><strong>penitas</strong></span> <span class='ocrx_word' id='word_1_356' title='bbox 1267 3954 1426 4017; x_wconf 82' lang='lat' dir='ltr'><strong>clementer</strong></span> 
     </span>
     <span class='ocr_line' id='line_1_36' title="bbox 113 4057 1426 4141; baseline -0.002 -18"><span class='ocrx_word' id='word_1_357' title='bbox 113 4062 261 4123; x_wconf 73' lang='lat' dir='ltr'><strong>mandis.-</strong></span> <span class='ocrx_word' id='word_1_358' title='bbox 282 4063 401 4141; x_wconf 82' lang='lat' dir='ltr'><strong>respice</strong></span> <span class='ocrx_word' id='word_1_359' title='bbox 420 4061 597 4140; x_wconf 73' lang='lat' dir='ltr'><strong>templatim</strong></span> <span class='ocrx_word' id='word_1_360' title='bbox 612 4058 782 4138; x_wconf 75' lang='lat' dir='ltr'><strong>infideliusne,</strong></span> <span class='ocrx_word' id='word_1_361' title='bbox 791 4060 928 4120; x_wconf 75' lang='lat' dir='ltr'><strong>marilias</strong></span> <span class='ocrx_word' id='word_1_362' title='bbox 937 4059 1106 4140; x_wconf 74' lang='lat' dir='ltr'><strong>professata</strong></span> <span class='ocrx_word' id='word_1_363' title='bbox 1123 4064 1152 4119; x_wconf 89' lang='lat' dir='ltr'><strong>et</strong></span> <span class='ocrx_word' id='word_1_364' title='bbox 1167 4058 1211 4117; x_wconf 81' lang='lat' dir='ltr'><strong>sni</strong></span> <span class='ocrx_word' id='word_1_365' title='bbox 1223 4057 1309 4119; x_wconf 85' lang='lat' dir='ltr'><strong>electi</strong></span> <span class='ocrx_word' id='word_1_366' title='bbox 1325 4061 1426 4139; x_wconf 76' lang='lat' dir='ltr'><strong>prepis</strong></span> 
     </span>
     <span class='ocr_line' id='line_1_37' title="bbox 113 4159 1426 4242; baseline -0.004 -15"><span class='ocrx_word' id='word_1_367' title='bbox 113 4161 315 4242; x_wconf 63' lang='lat' dir='ltr'><strong>affiictionem,</strong></span> <span class='ocrx_word' id='word_1_368' title='bbox 350 4164 554 4226; x_wconf 80' lang='lat' dir='ltr'><strong>Reminiscere</strong></span> <span class='ocrx_word' id='word_1_369' title='bbox 573 4161 772 4223; x_wconf 72' lang='lat' dir='ltr'><strong>haereditatis</strong></span> <span class='ocrx_word' id='word_1_370' title='bbox 791 4169 863 4222; x_wconf 85' lang='lat' dir='ltr'><strong>tuce</strong></span> <span class='ocrx_word' id='word_1_371' title='bbox 879 4159 1025 4240; x_wconf 73' lang='lat' dir='ltr'><strong>effusione</strong></span> <span class='ocrx_word' id='word_1_372' title='bbox 1038 4160 1253 4241; x_wconf 75' lang='lat' dir='ltr'><strong>pretiosissimi</strong></span> <span class='ocrx_word' id='word_1_373' title='bbox 1270 4161 1426 4240; x_wconf 64' lang='lat' dir='ltr'><strong>conpulsus</strong></span> 
     </span>
     <span class='ocr_line' id='line_1_38' title="bbox 114 4263 1471 4346; baseline -0.002 -18"><span class='ocrx_word' id='word_1_374' title='bbox 114 4267 311 4346; x_wconf 72' lang='lat' dir='ltr'><strong>leianipenin</strong></span> <span class='ocrx_word' id='word_1_375' title='bbox 323 4267 491 4346; x_wconf 59' lang='lat' dir='ltr'><strong>mussitas</strong></span> <span class='ocrx_word' id='word_1_376' title='bbox 499 4291 514 4337; x_wconf 89' lang='lat'><strong>,·</strong></span> <span class='ocrx_word' id='word_1_377' title='bbox 533 4268 710 4344; x_wconf 77' lang='lat' dir='ltr'><strong>vincuntque</strong></span> <span class='ocrx_word' id='word_1_378' title='bbox 728 4271 781 4325; x_wconf 87' lang='lat' dir='ltr'><strong>tna</strong></span> <span class='ocrx_word' id='word_1_379' title='bbox 797 4263 966 4342; x_wconf 81' lang='lat' dir='ltr'><strong>plantatam</strong></span> <span class='ocrx_word' id='word_1_380' title='bbox 984 4264 1113 4341; x_wconf 74' lang='lat' dir='ltr'><strong>dextra,</strong></span> <span class='ocrx_word' id='word_1_381' title='bbox 1133 4280 1224 4343; x_wconf 77' lang='lat' dir='ltr'><strong>ortana</strong></span> <span class='ocrx_word' id='word_1_382' title='bbox 1242 4263 1331 4341; x_wconf 70' lang='lat' dir='ltr'><strong>semes</strong></span> <span class='ocrx_word' id='word_1_383' title='bbox 1351 4282 1428 4344; x_wconf 85' lang='lat' dir='ltr'><strong>oper</strong></span> <span class='ocrx_word' id='word_1_384' title='bbox 1468 4306 1471 4313; x_wconf 85' lang='lat'>-</span> 
     </span>
     <span class='ocr_line' id='line_1_39' title="bbox 114 4365 1426 4446; baseline 0.002 -19"><span class='ocrx_word' id='word_1_385' title='bbox 114 4371 317 4431; x_wconf 81' lang='lat' dir='ltr'><strong>enterminare</strong></span> <span class='ocrx_word' id='word_1_386' title='bbox 329 4376 474 4445; x_wconf 84' lang='lat' dir='ltr'><strong>conatur,</strong></span> <span class='ocrx_word' id='word_1_387' title='bbox 494 4366 650 4446; x_wconf 65' lang='lat' dir='ltr'><strong>ferventer</strong></span> <span class='ocrx_word' id='word_1_388' title='bbox 662 4368 771 4429; x_wconf 68' lang='lat' dir='ltr'><strong>ensa:</strong></span> <span class='ocrx_word' id='word_1_389' title='bbox 796 4365 933 4428; x_wconf 78' lang='lat' dir='ltr'><strong>acilius</strong></span> <span class='ocrx_word' id='word_1_390' title='bbox 951 4365 1083 4428; x_wconf 75' lang='lat' dir='ltr'><strong>mones</strong></span> <span class='ocrx_word' id='word_1_391' title='bbox 1104 4367 1254 4429; x_wconf 75' lang='lat' dir='ltr'><strong>admrssss</strong></span> <span class='ocrx_word' id='word_1_392' title='bbox 1266 4368 1426 4430; x_wconf 81' lang='lat' dir='ltr'><strong>devastan-</strong></span> 
     </span>
     <span class='ocr_line' id='line_1_40' title="bbox 115 4466 1428 4550; baseline -0.001 -16"><span class='ocrx_word' id='word_1_393' title='bbox 115 4472 185 4534; x_wconf 81' lang='lat' dir='ltr'><strong>lisun</strong></span> <span class='ocrx_word' id='word_1_394' title='bbox 201 4472 321 4535; x_wconf 78' lang='lat' dir='ltr'><strong>rabiens</strong></span> <span class='ocrx_word' id='word_1_395' title='bbox 341 4473 525 4543; x_wconf 82' lang='lat' dir='ltr'><strong>taa,eirtnte</strong></span> <span class='ocrx_word' id='word_1_396' title='bbox 541 4470 725 4547; x_wconf 78' lang='lat' dir='ltr'><strong>ecnubere,</strong></span> <span class='ocrx_word' id='word_1_397' title='bbox 748 4471 878 4533; x_wconf 83' lang='lat' dir='ltr'><strong>uictores</strong></span> <span class='ocrx_word' id='word_1_398' title='bbox 896 4467 993 4549; x_wconf 76' lang='lat' dir='ltr'><strong>effice,</strong></span> <span class='ocrx_word' id='word_1_399' title='bbox 1014 4466 1155 4550; x_wconf 68' lang='lat' dir='ltr'><strong>mecona</strong></span> <span class='ocrx_word' id='word_1_400' title='bbox 1175 4471 1248 4532; x_wconf 86' lang='lat' dir='ltr'><strong>bene</strong></span> <span class='ocrx_word' id='word_1_401' title='bbox 1266 4480 1428 4550; x_wconf 72' lang='lat' dir='ltr'><strong>operositas</strong></span> 
     </span>
     <span class='ocr_line' id='line_1_41' title="bbox 119 4571 1427 4655; baseline 0.002 -25"><span class='ocrx_word' id='word_1_402' title='bbox 119 4578 161 4634; x_wconf 85' lang='lat' dir='ltr'><strong>tns&#39;</strong></span> <span class='ocrx_word' id='word_1_403' title='bbox 168 4575 224 4655; x_wconf 78' lang='lat' dir='ltr'><strong>fae</strong></span> <span class='ocrx_word' id='word_1_404' title='bbox 236 4575 325 4654; x_wconf 77' lang='lat' dir='ltr'><strong>repni</strong></span> <span class='ocrx_word' id='word_1_405' title='bbox 334 4591 541 4652; x_wconf 79' lang='lat' dir='ltr'><strong>possessores.</strong></span> <span class='ocrx_word' id='word_1_406' title='bbox 564 4572 767 4636; x_wconf 82' lang='lat' dir='ltr'><strong>Perteasnlern.</strong></span> <span class='ocrx_word' id='word_1_407' title='bbox 788 4573 990 4636; x_wconf 83' lang='lat' dir='ltr'><strong>Diebus-vero</strong></span> <span class='ocrx_word' id='word_1_408' title='bbox 996 4571 1161 4636; x_wconf 81' lang='lat' dir='ltr'><strong>Dominicis</strong></span> <span class='ocrx_word' id='word_1_409' title='bbox 1175 4575 1308 4637; x_wconf 81' lang='lat' dir='ltr'><strong>atlantis</strong></span> <span class='ocrx_word' id='word_1_410' title='bbox 1322 4575 1427 4637; x_wconf 80' lang='lat' dir='ltr'><strong>eadem</strong></span> 
     </span>
    </p>
   </div>
   <div class='ocr_carea' id='block_1_4' title="bbox 0 0 1536 4942">
    <p class='ocr_par' dir='ltr' id='par_1_4' title="bbox 0 0 1536 4942">
     <span class='ocr_line' id='line_1_42' title="bbox 0 0 1536 4942; baseline 0 0"><span class='ocrx_word' id='word_1_411' title='bbox 0 0 1536 4942; x_wconf 95' lang='lat' dir='ltr'><strong> </strong></span> 
     </span>
    </p>
   </div>
  </div>
 </body>
</html>
