3046 4942
654 297 732 373 421·

118 513 186 591 lx.
211 514 274 590 ou
299 506 643 590 nnnunucmcnu
669 512 731 586 un
756 510 1087 587 couounmonn
1107 498 1257 592 unuin

403 649 466 723 Ex
490 649 753 724 Pontificaii
778 647 973 723 Romano.

138 796 210 863 Cum
225 796 293 860 Rex
311 805 359 859 esi
380 796 564 865 coronandus
578 794 719 878 Episcopi
739 798 825 875 repni
839 796 876 859 ad
888 796 1036 860 oiriiatern
1050 795 1099 858 ubl
1112 796 1265 859 coronatio
1280 796 1344 859 dori

84 912 142 979 iet,
160 907 370 965 convocantur.
410 899 475 961 ilex
488 899 650 963 triduanum
664 901 803 964 ieiunium
816 899 926 962 devote
939 900 1056 979 peragit
1068 916 1123 980 per
1135 896 1345 961 hebdomadam

84 1002 263 1087 ‚nescientem
284 1000 543 1082 uidelicet-quarta
565 1010 595 1063 et
613 1011 697 1063 serta
713 1003 786 1063 lerin
806 1011 836 1063 et
849 1001 983 1064 sabbato.
1023 1002 1176 1063 Dominica
1188 1018 1262 1062 reso
1275 1019 1345 1083 pro·

84 1125 114 1167 ra
134 1105 271 1185 sequenti
291 1112 465 1179 coronatur,
487 1122 543 1184 qua
563 1105 630 1184 ipss
643 1104 708 1167 ilex
728 1123 763 1167 se
780 1103 818 1167 ad
839 1105 1073 1167 communionem
1093 1112 1185 1184 parat.
1211 1102 1344 1165 Ecclesia

84 1227 120 1285 o,
135 1209 198 1290 ipsa
211 1205 436 1287 metropolitana
449 1209 514 1271 rire
528 1204 709 1271 Gatbedraiis
723 1207 773 1269 ubi
785 1205 956 1270 solemnitas
970 1205 1170 1269 celebrabitur
1181 1214 1302 1287 paretur
1315 1215 1347 1268 et

84 1319 158 1373 retur
177 1328 235 1390 quo
255 1308 359 1371 melius
380 1309 446 1371 lieri
464 1308 584 1390 poterit.
622 1308 669 1375 Ad
690 1309 783 1373 altare
800 1311 892 1373 antus
912 1319 1051 1391 parantur
1064 1327 1099 1371 ea
1113 1327 1189 1390 puae
1202 1318 1345 1371 consuetu

84 1422 102 1474 it
117 1415 232 1494 parari,
254 1411 400 1475 iontilcc
413 1409 600 1489 celebrate,
615 1419 645 1475 et
658 1412 810 1477 credentia
824 1412 906 1475 iuxta
916 1411 1009 1475 altars
1022 1429 1086 1473 oum
1098 1411 1188 1473 rebus
1201 1418 1345 1492 opportu-

84 1559 91 1576 .
125 1515 222 1596 Super
234 1513 327 1576 uitare
338 1514 459 1594 ponitur
471 1513 599 1593 giudice,
612 1531 724 1579 corona
735 1522 766 1577 et
777 1523 928 1595 sceptrum
940 1513 1017 1591 Regi
1030 1512 1123 1574 danda
1137 1522 1168 1574 et
1177 1513 1280 1576 Oleum
1292 1513 1345 1577 Ga·

85 1616 295 1695 humerorum,
316 1615 447 1693 bombyx
465 1616 502 1679 ad
518 1614 668 1695 ligandum
682 1622 713 1679 et
725 1614 939 1693 extergendum
954 1614 1103 1677 brachium
1118 1614 1211 1691 Rupis
1225 1624 1256 1675 et
1269 1617 1346 1681 iuter

86 1718 171 1802 pules
185 1727 254 1800 post
267 1720 447 1793 unctionem,
461 1719 551 1780 lusoir
563 1717 600 1781 ad
614 1716 764 1795 ligandum
777 1716 953 1794 bombycem
967 1718 999 1779 in
1012 1714 1143 1779 brachio.
1181 1715 1303 1777 Paratur
1315 1717 1346 1777 iu

84 1821 171 1883 ciesia
191 1822 222 1883 iu
240 1819 309 1883 loco
329 1820 509 1900 competenti
523 1819 666 1883 thalamus
677 1820 742 1882 sive
754 1826 926 1899 suggestum
940 1835 996 1899 pro
1008 1815 1110 1895 Repe,
1132 1817 1162 1878 in
1176 1834 1234 1897 quo
1248 1818 1287 1879 sit
1299 1835 1345 1881 re·

86 1926 112 1984 is
132 1922 220 1985 aedes
240 1932 344 1987 ornata
366 1930 397 1986 et
415 1920 556 1985 tbalsraas
568 1923 635 2004 ipss
647 1922 686 1988 sit
701 1931 820 1985 ornatus
834 1923 938 2004 pannis
951 1921 1075 1985 cericeis
1090 1928 1121 1982 ot
1133 1918 1254 1983 aulaeis.
1286 1918 1346 1981 Sed

84 2021 246 2086 uertendum
266 2032 313 2087 est
331 2024 409 2105 qnod
422 2024 545 2087 altitudo
561 2024 678 2087 tlsalnnri
691 2042 751 2087 non
763 2026 803 2088 nit
812 2026 906 2087 maior
918 2039 1005 2104 quem
1016 2022 1125 2100 gradus
1138 2038 1292 2103 supremus
1304 2021 1347 2085 nl·

84 2128 118 2191 is.
159 2125 280 2189 i’uratur
292 2129 379 2191 etism
392 2128 422 2191 in
436 2126 505 2191 loco
520 2128 710 2191 convenienti
724 2127 898 2206 motorium,
918 2126 983 2189 alne
995 2124 1127 2207 pupilio,
1139 2125 1194 2188 sub
1208 2143 1267 2206 quo
1279 2123 1347 2199 ilex¹

84 2236 135 2290 itas
147 2228 266 2306 regales
279 2247 335 2309 pro
349 2231 435 2308 repul
448 2229 679 2306 consuetudine,
701 2248 777 2311 quaa
791 2229 899 2293 ibidem
913 2247 968 2310 pro
983 2244 1021 2291 eo
1034 2236 1192 2309 parantur,
1204 2244 1259 2290 suo
1273 2235 1346 2291 iem·

84 2349 110 2393 re
122 2331 238 2411 recipit.
276 2329 314 2393 Et
330 2333 356 2393 sl
373 2331 489 2410 neman
503 2333 590 2395 etlam
604 2332 689 2395 simul
705 2341 752 2393 ert
763 2330 931 2395 coronanda
945 2339 1064 2411 paratur
1077 2348 1132 2411 pro
1148 2348 1183 2390 er
1196 2328 1271 2390 aliun
1283 2328 1346 2392 iba·

84 2451 138 2511 rus,
153 2452 211 2496 non
226 2433 318 2511 louge
331 2452 347 2495 n
360 2434 458 2512 regio,
471 2432 525 2495 sed
538 2432 591 2497 ilio
605 2433 813 2515 aliquantulum
824 2431 972 2510 humilior,
986 2430 1274 2493 etitasuntsitoandi
1285 2430 1347 2491 tina·

84 2537 120 2613 ii,
141 2545 172 2597 ut
189 2535 259 2597 inde
279 2537 396 2616 possint
409 2534 503 2599 rideri
517 2535 609 2599 altare
622 2543 654 2596 et
665 2534 805 2597 Pontifex
820 2533 984 2596 celebrans.
1024 2531 1166 2593 Parantnr
1180 2531 1267 2593 otium
1278 2540 1349 2593 ante

84 2655 128 2699 rra
147 2638 215 2700 bino
234 2646 265 2700 et
278 2638 347 2703 inde
359 2637 447 2702 sedes
462 2656 517 2719 pro
530 2655 653 2701 numero
669 2637 885 2720 Episcoporum
900 2634 1086 2698 coronationi
1099 2634 1349 2697 hieresseutinm.

99 2741 155 2802 iiie
168 2751 265 2803 autem
278 2741 430 2805 Dominioa
444 2760 501 2822 qun
513 2740 579 2805 ilex
591 2740 811 2805 benedicendae
827 2748 858 2802 et
870 2736 1057 2802 coronandae
1070 2745 1132 2815 est,
1147 2755 1249 2801 omues
1262 2735 1347 2817 Epis·

84 2843 103 2903 ri
119 2843 297 2909 conveniunt
310 2862 395 2907 mane
409 2845 440 2907 iu
452 2843 587 2907 Ecclesia
600 2845 629 2906 in
643 2862 699 2925 qua
713 2843 771 2907 iaoc
782 2844 846 2907 lieri
860 2842 965 2918 debet,
979 2848 1010 2901 et
1023 2838 1269 2922 iletropolitanns
1281 2840 1349 2901 sive

84 2943 176 3005 ntiiax
195 2941 231 3003 ud
245 2960 331 3021 qnam
344 2953 478 3022 spectat,
495 2955 580 3025 parat
592 2963 626 3009 rs
639 2945 812 3009 solemniter
825 2962 890 3008 cum
903 2944 1060 3021 ministris,
1081 2942 1201 3005 illusam
1214 2941 1347 3005 celebra·

85 3063 139 3121 us,
158 3045 337 3124 paramentis
348 3048 477 3125 tempori
491 3047 746 3109 conuenientibus.
784 3046 925 3127 Episcopi
938 3061 1011 3106 reno
1026 3044 1185 3108 induuntur
1197 3062 1285 3126 supra
1300 3063 1349 3107 ro·

84 3157 151 3209 etum
165 3145 229 3222 (rei
242 3162 331 3227 snpra
342 3146 608 3227 superpelliceum,
622 3149 648 3209 si
662 3150 722 3210 sint
739 3145 890 3226 religiosi)
903 3148 1027 3223 ainictu,
1040 3147 1128 3225 stola,
1144 3147 1264 3228 pluviali
1278 3148 1348 3211 sibo

84 3252 164 3312 nitra
180 3248 315 3329 simplici.
355 3249 469 3325 Quibus
482 3248 617 3312 omnibns
629 3251 757 3330 puratis,
769 3248 1015 3329 iietropolitauus
1029 3249 1059 3310 iu
1072 3248 1266 3313 laldistcrium
1279 3259 1349 3313 ants

84 3352 160 3413 dium
181 3350 281 3414 altaris
295 3353 394 3434 posito
408 3354 493 3416 sedet
504 3370 571 3415 curu
584 3353 668 3415 mitra
682 3360 712 3416 et
724 3351 867 3435 Episcopi
881 3352 975 3434 parati
991 3351 1060 3413 bino
1073 3360 1104 3415 et
1115 3353 1185 3415 inde
1198 3371 1289 3435 super
1301 3371 1348 3414 se·

88 3474 120 3516 us
135 3473 189 3535 pro
203 3456 248 3516 eis
262 3457 371 3535 paratis
388 3458 470 3536 quasi
483 3457 512 3517 in
528 3454 643 3517 modum
658 3472 787 3517 coronae
800 3454 950 3532 sedentes,
964 3454 1020 3517 sibi
1035 3456 1185 3519 assistunt.
1227 3455 1349 3518 iuterim

84 3576 102 3619 x
118 3558 250 3619 restibus
263 3557 436 3621 milltrribus
450 3559 584 3635 indutus,
604 3577 668 3621 cum
681 3560 744 3621 suis
758 3557 900 3621 Praelatio
915 3557 1084 3621 domesticis
1099 3579 1158 3622 non
1172 3559 1300 3639 parntis,
1313 3574 1348 3617 ac

84 3659 216 3738 ionibus,
235 3659 389 3720 Nobilibus
407 3669 437 3721 et
456 3660 520 3721 aliis
535 3662 618 3723 seuit
630 3658 667 3723 ad
681 3660 845 3723 Ecclesiam
858 3670 889 3723 et
903 3680 968 3723 cum
981 3662 1071 3724 luerit
1083 3678 1178 3741 prope
1194 3659 1350 3741 presbyte-

84 3781 127 3839 m,
148 3761 205 3824 duo
226 3763 341 3843 priores
354 3760 496 3842 Episcopi
511 3780 549 3825 ex
563 3765 690 3844 paratis,
710 3767 833 3827 veniunt
846 3766 874 3826 ei
891 3764 1006 3826 obuiam
1021 3770 1053 3827 et
1066 3781 1130 3824 cunr
1144 3763 1240 3824 mitris
1252 3761 1348 3841 capita

94 3864 304 3945 aliquantulum
318 3864 511 3941 inclinantes,
539 3867 633 3948 ipsum
648 3867 726 3945 inter
737 3884 772 3928 se
785 3867 927 3944 medium,
948 3867 1060 3929 birretu
1075 3864 1233 3945 deposito,
1255 3880 1350 3945 nsque

85 3967 372 4048 ebletropolitnncm
391 3966 556 4046 deducunt,
578 3970 624 4031 cni
640 3968 704 4031 ilex
718 3979 804 4051 caput
816 3971 978 4046 inclinans,
1000 3967 1136 4029 humilem
1150 3969 1350 4029 reverentiam

84 4072 173 4146 nibet,
192 4088 247 4150 qna
261 4071 351 4150 iacta,
367 4072 449 4152 prior
462 4069 678 4152 Episcoporum
693 4070 897 4135 deducentium
912 4080 1012 4146 staua,
1028 4069 1147 4132 detecto
1161 4071 1270 4152 capite,
1283 4087 1349 4132 rer·

84 4212 86 4227 ·
106 4173 142 4235 ad
160 4172 414 4253 Metropolitanum
436 4172 507 4235 dicit
521 4173 702 4252 intelligibili
715 4191 806 4235 voce:
829 4163 1130 4236 Reverendiesime
1149 4173 1266 4260 puber,
1287 4186 1348 4260 po·

84 4266 138 4337 ilat
160 4276 277 4338 sancta
296 4278 403 4341 uiator
416 4264 575 4341 Ecclesia
595 4266 776 4357 catholica,
799 4275 837 4338 ut
853 4273 1069 4363 praesentem
1089 4268 1269 4361 egregium
1288 4269 1349 4338 mi-

84 4391 131 4440 rm
151 4368 194 4439 ad
216 4367 412 4461 dignitatem
433 4372 565 4463 regiam
578 4368 775 4445 sublevetis.
808 4376 1255 4460 ictemopatiietropoiitanus:
1273 4368 1347 4441 Sci·

97 4472 193 4543 illum
213 4492 290 4545 cese
313 4470 452 4564 dignum
473 4484 507 4545 ci
528 4472 645 4545 utilem
667 4470 710 4543 ad
733 4471 820 4545 hanc
842 4468 1066 4566 dignitatem?
1101 4481 1156 4544 iiie
1171 4482 1347 4565 respondes:

97 4575 256 4651 novimus
278 4584 312 4649 et
334 4573 503 4650 credimus
524 4596 603 4648 eum
625 4595 705 4651 csse
724 4575 927 4673 dignumst
942 4573 1369 4653 uiuemuecxesneue
