3060 4934
638 388 641 393 .
719 322 795 393 339

202 510 352 590 Pauperes
370 528 461 590 vero,
482 512 588 593 quilrm
604 516 727 576 mortuis
740 515 813 577 nilril
827 524 876 575 aut
889 531 990 594 parum
1004 516 1044 574 ita
1060 524 1215 595 superest,
1237 525 1269 576 ut
1282 518 1412 597 propriis

90 610 242 692 inpensis
264 613 376 673 humari
395 631 454 674 non
474 617 610 695 possint,
631 619 724 693 gratis
738 618 858 679 omnino
874 616 1056 696 sepeliantur
1069 634 1104 676 ac
1118 615 1217 677 debita
1232 616 1339 678 lumina
1351 621 1413 680 suis

90 712 253 793 inpensis,
268 717 294 774 si
308 732 385 796 opus
400 714 500 792 luerit,
514 717 693 779 Sacerdotes
707 718 886 800 impendant,
900 717 948 778 uel
963 718 1059 797 aliqua
1073 718 1121 797 pia
1132 718 1374 796 confraternitas,
1387 721 1412 780 si

90 813 207 893 inerit,
221 818 301 877 iuxta
315 816 374 877 loci
389 818 641 881 consuetudinem.
654 807 744 908 -¹)

202 917 344 997 Sepulcra
360 918 551 981 sacerdotum
566 930 596 982 et
610 921 792 984 clericorum
807 922 1008 1000 cuiuscunque
1021 919 1145 998 ordinis,
1159 921 1209 981 ubi
1225 921 1288 981 deri
1303 929 1413 1002 potest,

94 1036 112 1079 a
131 1019 281 1100 sepulcris
300 1020 439 1081 laicorum
456 1032 591 1104 separata
605 1026 665 1085 sint
680 1044 714 1087 ae
731 1024 893 1087 decentiori
909 1023 977 1083 loco
992 1024 1063 1084 sita:
1089 1032 1177 1103 atque
1192 1025 1249 1099 ita,
1270 1023 1321 1083 ubi
1335 1041 1412 1085 com·

96 1120 216 1187 nodum
228 1121 333 1199 luerit,
347 1130 380 1182 ut
393 1123 449 1184 alia
466 1142 520 1204 pro
534 1125 757 1205 Sacerdotibus,
770 1126 820 1195 alii
835 1143 888 1206 pro
903 1125 1054 1186 inferioris
1071 1125 1183 1188 ordinis
1198 1125 1344 1187 eeclesiae
1361 1127 1412 1184 mi·

97 1223 199 1286 sums
216 1233 336 1303 paratae
348 1227 416 1285 sint.
438 1257 477 1268 —
500 1256 538 1267 -

199 1324 279 1387 Laici
298 1325 439 1404 cadauer,
459 1326 594 1407 quolibet
613 1329 735 1403 generis
747 1336 798 1389 aut
811 1328 964 1406 diguitatis
977 1326 1064 1390 titulo
1079 1327 1229 1409 praeditus
1243 1327 1296 1391 ille
1308 1328 1411 1407 inerit,

101 1422 207 1489 monet
221 1445 259 1487 ne
274 1427 410 1489 delerant
424 1429 477 1489 sed
490 1414 620 1507 Laiei.²)
1403 1442 1405 1446 ·

101 1566 109 1581 =
202 1527 334 1608 Corpora
350 1528 553 1590 detunctorum
567 1531 597 1591 in
612 1530 738 1591 ecclesia
752 1530 890 1611 ponenda
904 1537 973 1590 sunt
986 1528 1112 1609 pedibus
1127 1548 1231 1591 versus
1245 1530 1338 1591 altare
1353 1547 1410 1590 ma·

102 1628 158 1691 irs:
176 1630 345 1710 presbyteri
360 1648 432 1691 reru
448 1630 558 1692 labent
571 1639 658 1711 eaput
671 1648 776 1693 versus
789 1630 882 1693 altare
898 1669 943 1680 -
967 1662 1004 1673 —
1016 1616 1048 1707 ³)

201 1730 343 1807 ignorare
363 1748 424 1791 non
445 1731 536 1793 debet
549 1731 716 1808 israelus,
739 1733 788 1814 qui
809 1731 845 1792 ab
867 1731 1068 1792 ecelesiastica
1087 1727 1238 1810 sepultura
1258 1729 1325 1810 ipso
1346 1728 1411 1788 iure

103 1841 163 1891 sant
178 1830 364 1897 excludendi.
390 1830 523 1911 Neqstur
535 1834 626 1913 igitur
639 1832 840 1896 ecclesiastica
853 1832 1004 1915 sepultura
1017 1814 1162 1910 laganis,
1175 1828 1291 1891 ludaeis
1306 1838 1337 1890 et
1350 1846 1411 1890 om·

103 1932 185 1995 ribus
208 1933 394 2011 infidelibus,
416 1934 574 1997 haereticis
596 1944 626 1995 et
645 1953 747 1997 eorum
767 1935 949 2012 fautoribus,
971 1934 1114 2016 apostatis
1129 1950 1145 1993 a
1162 1930 1328 1993 Christiana
1341 1930 1411 2007 lide,

103 2034 292 2097 schismaticis
313 2044 343 2097 et
362 2034 489 2116 publicis
511 2038 788 2117 excommunicatis,
808 2037 973 2098 interdictis
994 2036 1165 2098 nominatim
1184 2043 1215 2095 et
1227 2036 1264 2096 iis
1278 2034 1327 2116 qui
1342 2039 1412 2093 sunt

103 2136 129 2196 ln
149 2136 218 2198 loco
238 2137 417 2216 interdicto,
440 2156 479 2199 eo
501 2137 632 2203 durante.
662 2140 703 2200 Se
721 2140 803 2220 ipsos
818 2138 1022 2201 occidentibus
1036 2146 1160 2219 propter
1172 2135 1411 2217 desperationem

103 2236 147 2299 rel
163 2239 344 2301 iracundiam
366 2237 442 2317 (nou
462 2248 559 2301 tamen
580 2242 605 2301 si
627 2259 665 2301 ex
678 2242 791 2303 insania
805 2240 834 2301 id
849 2230 979 2329 accidat)
994 2241 1051 2301 uisi
1065 2249 1134 2301 ante
1148 2237 1261 2300 obitum
1274 2237 1411 2300 dederint

103 2340 184 2419 signa
196 2329 453 2429 poenitentiae.4)
479 2340 674 2404 Munientibus
689 2343 718 2403 iu
733 2342 845 2420 duello,
859 2344 1055 2427 etiamsiaute
1068 2341 1181 2403 obitum
1193 2339 1329 2402 dederint
1339 2356 1410 2420 poe·

108 2481 321 2494 *ὴ

103 2550 228 2611 siluere.
261 2553 359 2607 Tamen
375 2550 526 2608 nullatenus
541 2568 556 2607 a
571 2552 741 2624 presbyteris
756 2552 858 2624 aliquid
872 2551 1016 2621 exigatur,
1032 2550 1101 2620 sive,
1118 2549 1152 2604 alu
1168 2547 1223 2605 illis
1238 2546 1283 2619 qui
1298 2544 1368 2602 locis
1382 2551 1409 2601 et

102 2634 167 2692 ticis
183 2643 320 2708 praesunt.
335 2636 450 2709 ,Concil
465 2635 570 2692 Tribur.
586 2655 612 2693 c.
629 2639 663 2695 tu
676 2635 876 2693 abhorrendum
889 2642 917 2691 et
925 2633 1085 2691 Christianis
1099 2631 1223 2688 omnihus
1237 2626 1410 2687 devitandum

101 2734 200 2776 norem
215 2720 336 2792 appellat
348 2720 513 2793 sepulturam
528 2721 642 2778 mortuis
657 2720 775 2777 debitam
793 2722 842 2777 sub
858 2720 949 2794 pretio
967 2718 1087 2776 uendere
1102 2715 1255 2786 etgratianr
1265 2712 1314 2770 Dei
1324 2728 1410 2770 vena·

101 2800 149 2860 lem
165 2804 266 2860 iacere.
296 2805 402 2874 Quare,
418 2805 473 2874 ait,
488 2805 660 2863 interdictum
675 2806 711 2862 sit
728 2806 852 2871 omnibus
866 2804 1027 2861 Christianis
1044 2812 1146 2859 terrem
1161 2800 1275 2857 mortuis
1288 2797 1410 2854 uendere

101 2894 126 2945 at
136 2887 258 2945 debitam
271 2888 436 2958 sepulturam
449 2887 597 2961 denegare,
610 2888 661 2946 nisi
677 2890 908 2964 iorteproximiet
916 2889 993 2946 amici
1001 2889 1088 2961 gratis
1096 2880 1409 2959 aliquiddonarevelint.

163 2969 195 3045 1)
212 2969 369 3028 tertullian.
385 2971 505 3042 Apolog.
521 2973 565 3033 39.
594 2973 727 3029 llodieam
746 2975 928 3047 unusquisque
947 2975 1044 3046 stipem
1059 2978 1195 3028 menstrua
1211 2969 1256 3026 die
1269 2969 1314 3026 vel
1330 2983 1410 3040 quum
1437 3023 1440 3027 .

100 3056 178 3124 retii,
194 3054 239 3108 vel
255 3053 279 3109 si
296 3052 378 3108 modo
394 3054 461 3109 velit
476 3060 503 3109 et
517 3056 541 3110 si
556 3056 637 3113 modo
652 3058 755 3129 possit,
771 3059 939 3130 apponit-
953 3086 996 3097 —
1008 3056 1073 3113 inde
1087 3072 1146 3112 noo·
1156 3055 1245 3128 epulis
1259 3070 1311 3110 nee
1328 3049 1408 3123 poti·

100 3140 172 3212 tulis,
189 3154 240 3192 nec
255 3137 373 3207 ingratis
386 3136 535 3193 voratrinis
549 3139 731 3213 dispensatur,
746 3140 795 3197 sed
810 3141 908 3211 egenis
926 3140 1031 3196 alendis
1045 3138 1250 3210 humandisque.

158 3222 190 3297 i)
205 3222 322 3277 lluiusce
339 3221 442 3276 tarinae
456 3229 603 3296 praesepta
614 3240 683 3295 quae
690 3239 804 3296 prorsus
810 3224 950 3294 ignorauit
958 3223 1103 3295 antiquitas
1109 3221 1286 3293 gmuissimas
1298 3222 1335 3277 olu
1343 3235 1409 3277 eau-

99 3324 140 3365 ras
161 3313 299 3363 merentur
321 3305 577 3379 reprehensionem.
607 3307 736 3364 Binterim
749 3309 864 3365 ilenlsur.
880 3310 933 3379 vl,
953 3310 982 3363 3.
997 3324 1025 3381 p.
1039 3307 1092 3361 tte
1113 3307 1185 3377 „llio
1200 3306 1297 3363 Leieiue
1313 3304 1364 3363 des
1378 3305 1406 3360 lu.

99 3392 176 3449 Paula
191 3391 286 3447 wurde
301 3407 355 3447 uon
371 3391 514 3447 menreren
528 3391 673 3449 Biscludien
688 3401 840 3463 getrageu,
854 3392 1015 3451 Ambrosius
1030 3400 1094 3463 trag
1109 3391 1156 3447 mit
1172 3392 1244 3449 uoolu
1258 3391 1347 3447 ciuem
1363 3388 1408 3445 tti-

98 3476 178 3534 etot
191 3476 236 3532 die
250 3475 348 3531 leicha
361 3475 452 3533 selues
466 3475 584 3532 Bruders
599 3477 721 3547 Satyrus,
735 3477 843 3548 Greger
858 3494 912 3534 uon
926 3477 1012 3546 Nyssa
1027 3474 1072 3531 die
1087 3472 1408 3534 seluerSclrwesterlls-

98 3562 203 3618 eriua.“
231 3560 310 3616 node
326 3559 465 3616 Sidonium
474 3559 629 3633 lippis:
648 3561 780 3618 Filimatia
801 3562 974 3618 sacerdotum
993 3560 1263 3635 propinquorumque
1286 3557 1408 3616 manibus

97 3651 218 3718 excepta,
235 3644 374 3717 perpetuis
387 3644 496 3700 sedibus
511 3645 655 3702 dormienti
670 3646 785 3703 similior
799 3646 874 3703 illata
891 3654 942 3702 est.
951 3678 994 3690 -
1007 3646 1100 3720 Neque
1107 3645 1189 3702 nodie
1197 3646 1225 3702 in
1232 3639 1408 3701 coemeteriis

96 3730 260 3789 ebsermtur,
279 3728 351 3800 quod
372 3728 513 3801 praecedit
526 3728 561 3786 de
576 3728 774 3802 distinguendis
788 3731 960 3788 sacerdotum
977 3730 1162 3802 laicorumque
1177 3726 1311 3802 sepulcris
1326 3738 1407 3797 prae-

95 3821 211 3888 eeptum,
225 3829 464 3885 perversumsane
477 3820 558 3886 atque
573 3832 640 3872 vere
654 3814 860 3877 hierarchicum.
892 3815 1018 3889 liuspiam
1034 3816 1144 3887 dignior
1162 3814 1240 3870 loeus
1253 3808 1344 3884 parari
1355 3822 1407 3879 po-

95 3904 149 3956 test
162 3898 267 3970 pastori
282 3914 361 3970 quam
375 3898 447 3954 iuter
460 3912 528 3954 oues
542 3916 606 3956 suas
621 3916 636 3955 a
650 3901 746 3971 quibus
760 3916 848 3972 neque
866 3917 940 3958 mors
951 3899 1058 3974 quidem
1072 3901 1158 3974 ipsum
1170 3903 1264 3971 potest
1276 3906 1407 3966 separare

92 3998 126 4040 ae
138 3982 307 4053 disiungere.

154 4062 188 4142 3)
202 4066 282 4123 Adeo
297 4068 417 4124 emineas
431 4076 474 4125 est
488 4067 607 4138 dignitas
622 4068 811 4137 sacerdotalis,
827 4075 855 4124 ut
869 4084 957 4141 neque
971 4075 1035 4141 post
1050 4073 1164 4123 mortem
1181 4063 1293 4121 reticeri
1308 4061 1404 4135 possit.

92 4150 168 4209 llaec
179 4150 356 4209 Baralialdus.
386 4154 561 4226 Quantopere
577 4152 641 4207 milui
655 4152 798 4225 displiceat
813 4152 858 4209 illa
874 4151 1052 4218 consuetudo,
1068 4151 1152 4207 rerba
1167 4149 1296 4205 deliciunt
1310 4147 1406 4220 quitus

93 4235 252 4309 exprimam.
272 4235 423 4294 Adnotauit
437 4244 526 4294 mmen
541 4238 680 4308 llabillon,
697 4245 759 4294 ante
775 4239 912 4295 saeculum
928 4236 1058 4292 decimum
1072 4241 1177 4290 sextum
1192 4241 1220 4290 et
1233 4233 1365 4289 laieorum
1379 4237 1407 4286 et

93 4320 257 4378 elericorum
273 4323 407 4378 cadavera
423 4323 518 4379 eadem
532 4321 638 4378 mdooe
653 4329 716 4379 aute
732 4324 819 4379 altare
833 4322 960 4395 posuisse
973 4320 1008 4376 ci.
1027 4318 1156 4377 Binterim
1170 4319 1189 4377 l.
1205 4335 1230 4375 e.
1245 4334 1273 4391 p.
1287 4317 1349 4375 432

154 4402 187 4481 t)
202 4404 306 4466 concil.
322 4406 431 4463 Bracar.
447 4405 468 4460 l.
486 4424 545 4463 can.
561 4407 605 4463 et.
620 4437 663 4449 -·
677 4439 719 4450 -
733 4406 779 4481 qui
792 4414 839 4463 aut
852 4424 903 4480 per
915 4406 1017 4462 terrum
1029 4410 1076 4461 aut
1088 4419 1221 4461 uenenum
1233 4408 1280 4459 aut
1290 4415 1405 4475 suspen·

94 4488 166 4547 duro
187 4496 233 4546 sut
253 4491 375 4562 quolibet
399 4491 482 4546 modo
503 4491 650 4548 uiolentam
671 4492 724 4550 sihi
738 4492 807 4565 ipsis
820 4492 938 4548 inierunt
954 4496 1069 4547 mortem
1082 4489 1154 4547 nulla
1168 4504 1221 4562 pro
1235 4489 1271 4545 iis
1283 4488 1311 4543 in
1326 4486 1405 4543 otla-

93 4575 168 4632 tione
180 4574 404 4633 commemoratio
414 4576 471 4643 liat,
479 4591 568 4647 neque
576 4593 635 4633 cum
643 4577 755 4634 Psalnuis
765 4576 798 4633 rd
806 4578 971 4649 sepulturam
980 4592 1074 4634 eorum
1084 4575 1217 4632 cadauera
1226 4572 1403 4630 deducantur.
