<?xml version="1.0" encoding="UTF-8"?>
<!DOCTYPE html PUBLIC "-//W3C//DTD XHTML 1.0 Transitional//EN"
    "http://www.w3.org/TR/xhtml1/DTD/xhtml1-transitional.dtd">
<html xmlns="http://www.w3.org/1999/xhtml" xml:lang="en" lang="en">
 <head>
  <title>
</title>
<meta http-equiv="Content-Type" content="text/html;charset=utf-8" />
  <meta name='ocr-system' content='tesseract 3.04.00' />
  <meta name='ocr-capabilities' content='ocr_page ocr_carea ocr_par ocr_line ocrx_word'/>
</head>
<body>
  <div class='ocr_page' id='page_1' title='image "./codexliturgicus03danigoog_0195.png"; bbox 0 0 3046 4942; ppageno 0'>
   <div class='ocr_carea' id='block_1_1' title="bbox 729 270 799 343">
    <p class='ocr_par' dir='ltr' id='par_1_1' title="bbox 729 270 799 343">
     <span class='ocr_line' id='line_1_1' title="bbox 729 270 799 343; baseline -0.014 0"><span class='ocrx_word' id='word_1_1' title='bbox 729 270 799 343; x_wconf 81' lang='lat'>182</span> 
     </span>
    </p>
   </div>
   <div class='ocr_carea' id='block_1_2' title="bbox 109 450 1405 654">
    <p class='ocr_par' dir='ltr' id='par_1_2' title="bbox 109 450 1405 654">
     <span class='ocr_line' id='line_1_2' title="bbox 213 450 1405 545; baseline -0.003 -15"><span class='ocrx_word' id='word_1_2' title='bbox 213 457 333 533; x_wconf 79' lang='lat' dir='ltr'>credis</span> <span class='ocrx_word' id='word_1_3' title='bbox 360 460 452 533; x_wconf 87' lang='lat' dir='ltr'>etin</span> <span class='ocrx_word' id='word_1_4' title='bbox 478 456 591 530; x_wconf 85' lang='lat' dir='ltr'>lesam</span> <span class='ocrx_word' id='word_1_5' title='bbox 614 450 785 531; x_wconf 81' lang='lat' dir='ltr'>Christum</span> <span class='ocrx_word' id='word_1_6' title='bbox 811 455 935 529; x_wconf 79' lang='lat' dir='ltr'>Filium</span> <span class='ocrx_word' id='word_1_7' title='bbox 956 456 1031 530; x_wconf 85' lang='lat' dir='ltr'>eiua</span> <span class='ocrx_word' id='word_1_8' title='bbox 1052 457 1215 545; x_wconf 86' lang='lat' dir='ltr'>anieaaa,</span> <span class='ocrx_word' id='word_1_9' title='bbox 1242 453 1405 529; x_wconf 81' lang='lat' dir='ltr'>Dominam</span> 
     </span>
     <span class='ocr_line' id='line_1_3' title="bbox 109 555 940 654; baseline -0.005 -23"><span class='ocrx_word' id='word_1_10' title='bbox 109 570 282 648; x_wconf 86' lang='lat' dir='ltr'>nostrum,</span> <span class='ocrx_word' id='word_1_11' title='bbox 309 568 425 631; x_wconf 91' lang='lat' dir='ltr'>natum</span> <span class='ocrx_word' id='word_1_12' title='bbox 448 568 483 630; x_wconf 87' lang='lat' dir='ltr'>at</span> <span class='ocrx_word' id='word_1_13' title='bbox 508 558 673 654; x_wconf 79' lang='lat' dir='ltr'>passum?</span> <span class='ocrx_word' id='word_1_14' title='bbox 725 564 767 651; x_wconf 69' lang='lat' dir='ltr'>ip.</span> <span class='ocrx_word' id='word_1_15' title='bbox 797 555 940 630; x_wconf 76' lang='lat' dir='ltr'>Credo..</span> 
     </span>
    </p>
   </div>
   <div class='ocr_carea' id='block_1_3' title="bbox 106 665 1407 881">
    <p class='ocr_par' dir='ltr' id='par_1_3' title="bbox 106 665 1407 881">
     <span class='ocr_line' id='line_1_4' title="bbox 211 665 1407 777; baseline -0.005 -25"><span class='ocrx_word' id='word_1_16' title='bbox 211 680 331 754; x_wconf 84' lang='lat' dir='ltr'>Credis</span> <span class='ocrx_word' id='word_1_17' title='bbox 354 690 389 752; x_wconf 89' lang='lat' dir='ltr'>et</span> <span class='ocrx_word' id='word_1_18' title='bbox 410 684 445 753; x_wconf 92' lang='lat' dir='ltr'>in</span> <span class='ocrx_word' id='word_1_19' title='bbox 467 678 630 777; x_wconf 88' lang='lat' dir='ltr'>Spiritum</span> <span class='ocrx_word' id='word_1_20' title='bbox 651 676 826 768; x_wconf 81' lang='lat' dir='ltr'>Sanctum,</span> <span class='ocrx_word' id='word_1_21' title='bbox 846 686 999 751; x_wconf 77' lang='lat' dir='ltr'><strong>sanctam</strong></span> <span class='ocrx_word' id='word_1_22' title='bbox 1020 665 1221 766; x_wconf 80' lang='lat' dir='ltr'>emieaiam,</span> <span class='ocrx_word' id='word_1_23' title='bbox 1243 678 1407 750; x_wconf 80' lang='lat' dir='ltr'>remissie-</span> 
     </span>
     <span class='ocr_line' id='line_1_5' title="bbox 106 775 1260 881; baseline -0.003 -26"><span class='ocrx_word' id='word_1_24' title='bbox 106 805 183 855; x_wconf 92' lang='lat' dir='ltr'>nem</span> <span class='ocrx_word' id='word_1_25' title='bbox 211 792 454 881; x_wconf 83' lang='lat' dir='ltr'>peecatorum,</span> <span class='ocrx_word' id='word_1_26' title='bbox 478 782 589 853; x_wconf 86' lang='lat' dir='ltr'>earnis</span> <span class='ocrx_word' id='word_1_27' title='bbox 616 785 905 863; x_wconf 83' lang='lat' dir='ltr'>resurrectionem</span> <span class='ocrx_word' id='word_1_28' title='bbox 914 775 973 876; x_wconf 79' lang='lat'>¹)?</span> <span class='ocrx_word' id='word_1_29' title='bbox 1024 782 1068 871; x_wconf 67' lang='lat' dir='ltr'>ita.</span> <span class='ocrx_word' id='word_1_30' title='bbox 1097 776 1226 851; x_wconf 83' lang='lat' dir='ltr'>Credo.</span> <span class='ocrx_word' id='word_1_31' title='bbox 1254 841 1260 851; x_wconf 95' lang='lat'>.</span> 
     </span>
    </p>
   </div>
   <div class='ocr_carea' id='block_1_4' title="bbox 16 897 1407 1095">
    <p class='ocr_par' dir='ltr' id='par_1_4' title="bbox 16 897 1407 1095">
     <span class='ocr_line' id='line_1_6' title="bbox 208 897 1407 993; baseline -0.007 -18"><span class='ocrx_word' id='word_1_32' title='bbox 208 910 326 977; x_wconf 83' lang='lat' dir='ltr'>Deinde</span> <span class='ocrx_word' id='word_1_33' title='bbox 339 930 394 993; x_wconf 89' lang='lat' dir='ltr'>per</span> <span class='ocrx_word' id='word_1_34' title='bbox 406 910 538 991; x_wconf 72' lang='lat' dir='ltr'>singulae</span> <span class='ocrx_word' id='word_1_35' title='bbox 553 912 635 973; x_wconf 82' lang='lat' dir='ltr'>vices</span> <span class='ocrx_word' id='word_1_36' title='bbox 650 912 761 988; x_wconf 75' lang='lat' dir='ltr'>mergia</span> <span class='ocrx_word' id='word_1_37' title='bbox 777 929 841 972; x_wconf 86' lang='lat' dir='ltr'>anm</span> <span class='ocrx_word' id='word_1_38' title='bbox 857 910 945 971; x_wconf 85' lang='lat' dir='ltr'>tertio</span> <span class='ocrx_word' id='word_1_39' title='bbox 961 911 989 970; x_wconf 90' lang='lat' dir='ltr'>in</span> <span class='ocrx_word' id='word_1_40' title='bbox 1004 897 1094 990; x_wconf 60' lang='lat' dir='ltr'>aqna,</span> <span class='ocrx_word' id='word_1_41' title='bbox 1115 906 1229 970; x_wconf 82' lang='lat' dir='ltr'>Poetae</span> <span class='ocrx_word' id='word_1_42' title='bbox 1244 926 1309 969; x_wconf 89' lang='lat' dir='ltr'>eam</span> <span class='ocrx_word' id='word_1_43' title='bbox 1321 924 1407 969; x_wconf 79' lang='lat' dir='ltr'>meen-</span> 
     </span>
     <span class='ocr_line' id='line_1_7' title="bbox 16 1008 1407 1095; baseline -0.009 -16"><span class='ocrx_word' id='word_1_44' title='bbox 16 1035 20 1043; x_wconf 91' lang='lat'><em>·</em></span> <span class='ocrx_word' id='word_1_45' title='bbox 107 1014 185 1079; x_wconf 85' lang='lat' dir='ltr'>derit</span> <span class='ocrx_word' id='word_1_46' title='bbox 199 1033 215 1076; x_wconf 92' lang='lat' dir='ltr'>a</span> <span class='ocrx_word' id='word_1_47' title='bbox 227 1012 325 1077; x_wconf 83' lang='lat' dir='ltr'>Fonte</span> <span class='ocrx_word' id='word_1_48' title='bbox 339 1012 439 1075; x_wconf 73' lang='lat' dir='ltr'>inians</span> <span class='ocrx_word' id='word_1_49' title='bbox 452 1015 587 1092; x_wconf 76' lang='lat' dir='ltr'>signatur</span> <span class='ocrx_word' id='word_1_50' title='bbox 600 1029 616 1073; x_wconf 89' lang='lat' dir='ltr'>a</span> <span class='ocrx_word' id='word_1_51' title='bbox 628 1011 809 1095; x_wconf 66' lang='lat' dir='ltr'>Presbytero</span> <span class='ocrx_word' id='word_1_52' title='bbox 823 1014 852 1074; x_wconf 92' lang='lat' dir='ltr'>in</span> <span class='ocrx_word' id='word_1_53' title='bbox 868 1011 994 1073; x_wconf 84' lang='lat' dir='ltr'>cerebro</span> <span class='ocrx_word' id='word_1_54' title='bbox 1009 1010 1047 1073; x_wconf 90' lang='lat' dir='ltr'>de</span> <span class='ocrx_word' id='word_1_55' title='bbox 1061 1010 1242 1088; x_wconf 74' lang='lat' dir='ltr'>carismate,</span> <span class='ocrx_word' id='word_1_56' title='bbox 1256 1008 1407 1071; x_wconf 81' lang='lat' dir='ltr'>biaaerbie:</span> 
     </span>
    </p>
   </div>
   <div class='ocr_carea' id='block_1_5' title="bbox 34 1117 1406 1522">
    <p class='ocr_par' dir='ltr' id='par_1_5' title="bbox 34 1117 1406 1522">
     <span class='ocr_line' id='line_1_8' title="bbox 208 1117 1406 1219; baseline -0.007 -20"><span class='ocrx_word' id='word_1_57' title='bbox 208 1117 326 1212; x_wconf 79' lang='lat' dir='ltr'>Dens,</span> <span class='ocrx_word' id='word_1_58' title='bbox 350 1126 566 1219; x_wconf 89' lang='lat' dir='ltr'>omnipotens</span> <span class='ocrx_word' id='word_1_59' title='bbox 591 1124 695 1198; x_wconf 82' lang='lat' dir='ltr'>Pater</span> <span class='ocrx_word' id='word_1_60' title='bbox 720 1123 858 1197; x_wconf 83' lang='lat' dir='ltr'>Domini</span> <span class='ocrx_word' id='word_1_61' title='bbox 884 1125 994 1197; x_wconf 85' lang='lat' dir='ltr'>nostri</span> <span class='ocrx_word' id='word_1_62' title='bbox 1019 1119 1100 1196; x_wconf 82' lang='lat' dir='ltr'>Iesu</span> <span class='ocrx_word' id='word_1_63' title='bbox 1126 1118 1278 1210; x_wconf 76' lang='lat' dir='ltr'>Christi,</span> <span class='ocrx_word' id='word_1_64' title='bbox 1303 1122 1406 1216; x_wconf 87' lang='lat' dir='ltr'>quite</span> 
     </span>
     <span class='ocr_line' id='line_1_9' title="bbox 34 1222 1406 1321; baseline -0.005 -21"><span class='ocrx_word' id='word_1_65' title='bbox 34 1308 37 1312; x_wconf 51' lang='grc'><em>,</em></span> <span class='ocrx_word' id='word_1_66' title='bbox 106 1229 330 1320; x_wconf 78' lang='lat' dir='ltr'>regeneravit</span> <span class='ocrx_word' id='word_1_67' title='bbox 348 1247 395 1296; x_wconf 85' lang='lat' dir='ltr'>ex</span> <span class='ocrx_word' id='word_1_68' title='bbox 412 1224 514 1320; x_wconf 85' lang='lat' dir='ltr'>Aqua</span> <span class='ocrx_word' id='word_1_69' title='bbox 534 1234 568 1297; x_wconf 90' lang='lat' dir='ltr'>et</span> <span class='ocrx_word' id='word_1_70' title='bbox 590 1223 720 1321; x_wconf 76' lang='lat' dir='ltr'>Spiritu</span> <span class='ocrx_word' id='word_1_71' title='bbox 739 1224 887 1299; x_wconf 83' lang='lat' dir='ltr'>Sancto:</span> <span class='ocrx_word' id='word_1_72' title='bbox 913 1227 1038 1320; x_wconf 83' lang='lat' dir='ltr'>quique</span> <span class='ocrx_word' id='word_1_73' title='bbox 1056 1223 1150 1295; x_wconf 82' lang='lat' dir='ltr'>dedit</span> <span class='ocrx_word' id='word_1_74' title='bbox 1166 1222 1230 1295; x_wconf 90' lang='lat' dir='ltr'>tibi</span> <span class='ocrx_word' id='word_1_75' title='bbox 1251 1223 1406 1296; x_wconf 81' lang='lat' dir='ltr'>renniaeia·</span> 
     </span>
     <span class='ocr_line' id='line_1_10' title="bbox 106 1322 1403 1425; baseline -0.004 -26"><span class='ocrx_word' id='word_1_76' title='bbox 106 1349 185 1399; x_wconf 87' lang='lat' dir='ltr'>nem</span> <span class='ocrx_word' id='word_1_77' title='bbox 204 1329 353 1399; x_wconf 91' lang='lat' dir='ltr'>omnium</span> <span class='ocrx_word' id='word_1_78' title='bbox 370 1323 651 1425; x_wconf 82' lang='lat' dir='ltr'>peceatomm²):</span> <span class='ocrx_word' id='word_1_79' title='bbox 675 1330 749 1423; x_wconf 84' lang='lat' dir='ltr'>ipae</span> <span class='ocrx_word' id='word_1_80' title='bbox 768 1338 803 1399; x_wconf 91' lang='lat' dir='ltr'>te</span> <span class='ocrx_word' id='word_1_81' title='bbox 819 1328 892 1397; x_wconf 91' lang='lat' dir='ltr'>linit</span> <span class='ocrx_word' id='word_1_82' title='bbox 913 1325 1067 1399; x_wconf 75' lang='lat' dir='ltr'>chrisma</span> <span class='ocrx_word' id='word_1_83' title='bbox 1089 1325 1212 1399; x_wconf 88' lang='lat' dir='ltr'>salutis</span> <span class='ocrx_word' id='word_1_84' title='bbox 1231 1326 1266 1395; x_wconf 94' lang='lat' dir='ltr'>in</span> <span class='ocrx_word' id='word_1_85' title='bbox 1285 1322 1403 1396; x_wconf 83' lang='lat' dir='ltr'>Christe</span> 
     </span>
     <span class='ocr_line' id='line_1_11' title="bbox 107 1422 1203 1522; baseline -0.002 -23"><span class='ocrx_word' id='word_1_86' title='bbox 107 1426 186 1503; x_wconf 88' lang='lat' dir='ltr'>iesu</span> <span class='ocrx_word' id='word_1_87' title='bbox 212 1427 361 1501; x_wconf 90' lang='lat' dir='ltr'>Domino</span> <span class='ocrx_word' id='word_1_88' title='bbox 389 1437 508 1502; x_wconf 86' lang='lat' dir='ltr'>nostro</span> <span class='ocrx_word' id='word_1_89' title='bbox 532 1430 567 1499; x_wconf 93' lang='lat' dir='ltr'>in</span> <span class='ocrx_word' id='word_1_90' title='bbox 591 1430 697 1500; x_wconf 83' lang='lat' dir='ltr'>vitam</span> <span class='ocrx_word' id='word_1_91' title='bbox 725 1428 909 1499; x_wconf 74' lang='lat' dir='ltr'>aeternam</span> <span class='ocrx_word' id='word_1_92' title='bbox 962 1432 1005 1517; x_wconf 72' lang='lat' dir='ltr'>m.</span> <span class='ocrx_word' id='word_1_93' title='bbox 1032 1425 1145 1499; x_wconf 84' lang='lat' dir='ltr'>Amen</span> <span class='ocrx_word' id='word_1_94' title='bbox 1153 1422 1203 1522; x_wconf 79' lang='lat'>³),</span> 
     </span>
    </p>
   </div>
   <div class='ocr_carea' id='block_1_6' title="bbox 209 1554 1082 1639">
    <p class='ocr_par' dir='ltr' id='par_1_6' title="bbox 209 1554 1082 1639">
     <span class='ocr_line' id='line_1_12' title="bbox 209 1554 1082 1639; baseline -0.002 -19"><span class='ocrx_word' id='word_1_95' title='bbox 209 1559 247 1621; x_wconf 87' lang='lat' dir='ltr'>Et</span> <span class='ocrx_word' id='word_1_96' title='bbox 260 1560 286 1621; x_wconf 88' lang='lat' dir='ltr'>ai</span> <span class='ocrx_word' id='word_1_97' title='bbox 300 1557 428 1621; x_wconf 84' lang='lat' dir='ltr'>adiuerit</span> <span class='ocrx_word' id='word_1_98' title='bbox 441 1554 610 1639; x_wconf 76' lang='lat' dir='ltr'>Epiaeopna</span> <span class='ocrx_word' id='word_1_99' title='bbox 622 1560 726 1621; x_wconf 83' lang='lat' dir='ltr'>atatim·</span> <span class='ocrx_word' id='word_1_100' title='bbox 736 1559 924 1621; x_wconf 85' lang='lat' dir='ltr'>eoniirmatur</span> <span class='ocrx_word' id='word_1_101' title='bbox 939 1557 1048 1620; x_wconf 84' lang='lat' dir='ltr'>iniere.</span> <span class='ocrx_word' id='word_1_102' title='bbox 1072 1614 1082 1631; x_wconf 77' lang='grc'>,</span> 
     </span>
    </p>
   </div>
   <div class='ocr_carea' id='block_1_7' title="bbox 106 1730 314 1742">
    <p class='ocr_par' dir='ltr' id='par_1_7' title="bbox 106 1730 314 1742">
     <span class='ocr_line' id='line_1_13' title="bbox 106 1730 314 1742; baseline -0.014 0"><span class='ocrx_word' id='word_1_103' title='bbox 106 1730 314 1742; x_wconf 83' lang='grc'>.-.----</span> 
     </span>
    </p>
   </div>
   <div class='ocr_carea' id='block_1_8' title="bbox 53 1820 1453 2931">
    <p class='ocr_par' dir='ltr' id='par_1_8' title="bbox 53 1820 1453 2931">
     <span class='ocr_line' id='line_1_14' title="bbox 193 1820 1453 1909; baseline -0.001 -16"><span class='ocrx_word' id='word_1_104' title='bbox 193 1839 220 1909; x_wconf 90' lang='lat' dir='ltr'>l)</span> <span class='ocrx_word' id='word_1_105' title='bbox 236 1836 270 1893; x_wconf 87' lang='lat' dir='ltr'>V.</span> <span class='ocrx_word' id='word_1_106' title='bbox 285 1835 368 1894; x_wconf 87' lang='lat' dir='ltr'>vitam</span> <span class='ocrx_word' id='word_1_107' title='bbox 382 1841 531 1892; x_wconf 84' lang='lat' dir='ltr'>aeternam.</span> <span class='ocrx_word' id='word_1_108' title='bbox 542 1865 586 1876; x_wconf 90' lang='lat'><em>-</em></span> <span class='ocrx_word' id='word_1_109' title='bbox 596 1829 665 1892; x_wconf 77' lang='lat' dir='ltr'>Post</span> <span class='ocrx_word' id='word_1_110' title='bbox 678 1837 760 1891; x_wconf 85' lang='lat' dir='ltr'>teiam</span> <span class='ocrx_word' id='word_1_111' title='bbox 777 1851 844 1893; x_wconf 81' lang='lat' dir='ltr'>aero</span> <span class='ocrx_word' id='word_1_112' title='bbox 859 1835 1034 1907; x_wconf 79' lang='lat' dir='ltr'>parvularum</span> <span class='ocrx_word' id='word_1_113' title='bbox 1051 1833 1262 1909; x_wconf 70' lang='lat' dir='ltr'>responderem</span> <span class='ocrx_word' id='word_1_114' title='bbox 1277 1838 1407 1909; x_wconf 70' lang='lat' dir='ltr'>preabpter</span> <span class='ocrx_word' id='word_1_115' title='bbox 1449 1820 1453 1833; x_wconf 60' lang='lat'><strong>⁴</strong></span> 
     </span>
     <span class='ocr_line' id='line_1_15' title="bbox 106 1918 1407 1992; baseline -0.003 -11"><span class='ocrx_word' id='word_1_116' title='bbox 106 1940 214 1982; x_wconf 85' lang='lat' dir='ltr'>erneem</span> <span class='ocrx_word' id='word_1_117' title='bbox 230 1919 334 1979; x_wconf 81' lang='lat' dir='ltr'>iaciens</span> <span class='ocrx_word' id='word_1_118' title='bbox 349 1937 409 1976; x_wconf 86' lang='lat' dir='ltr'>earn</span> <span class='ocrx_word' id='word_1_119' title='bbox 421 1919 580 1976; x_wconf 78' lang='lat' dir='ltr'>exorcizata</span> <span class='ocrx_word' id='word_1_120' title='bbox 592 1920 656 1975; x_wconf 86' lang='lat' dir='ltr'>aleo</span> <span class='ocrx_word' id='word_1_121' title='bbox 667 1919 695 1975; x_wconf 92' lang='lat' dir='ltr'>in</span> <span class='ocrx_word' id='word_1_122' title='bbox 707 1927 821 1991; x_wconf 79' lang='lat' dir='ltr'>pectore</span> <span class='ocrx_word' id='word_1_123' title='bbox 836 1927 864 1975; x_wconf 88' lang='lat' dir='ltr'>et</span> <span class='ocrx_word' id='word_1_124' title='bbox 878 1919 950 1975; x_wconf 84' lang='lat' dir='ltr'>inter</span> <span class='ocrx_word' id='word_1_125' title='bbox 966 1919 1095 1992; x_wconf 82' lang='lat' dir='ltr'>aaapniaa</span> <span class='ocrx_word' id='word_1_126' title='bbox 1106 1918 1255 1991; x_wconf 80' lang='lat' dir='ltr'>infantam,</span> <span class='ocrx_word' id='word_1_127' title='bbox 1271 1938 1321 1979; x_wconf 83' lang='lat' dir='ltr'>eoa</span> <span class='ocrx_word' id='word_1_128' title='bbox 1334 1921 1407 1977; x_wconf 70' lang='lat' dir='ltr'>eani-</span> 
     </span>
     <span class='ocr_line' id='line_1_16' title="bbox 107 1993 1406 2075; baseline -0.004 -9"><span class='ocrx_word' id='word_1_129' title='bbox 107 2007 197 2066; x_wconf 89' lang='lat' dir='ltr'>nando</span> <span class='ocrx_word' id='word_1_130' title='bbox 209 2007 246 2064; x_wconf 86' lang='lat' dir='ltr'>ita</span> <span class='ocrx_word' id='word_1_131' title='bbox 262 2006 349 2063; x_wconf 88' lang='lat' dir='ltr'>dieat:</span> <span class='ocrx_word' id='word_1_132' title='bbox 371 2003 405 2060; x_wconf 79' lang='lat' dir='ltr'>Et</span> <span class='ocrx_word' id='word_1_133' title='bbox 416 2019 472 2075; x_wconf 75' lang='lat' dir='ltr'>ega</span> <span class='ocrx_word' id='word_1_134' title='bbox 486 2010 515 2060; x_wconf 89' lang='lat' dir='ltr'>te</span> <span class='ocrx_word' id='word_1_135' title='bbox 530 1993 596 2059; x_wconf 80' lang='lat' dir='ltr'>iin&#39;ia</span> <span class='ocrx_word' id='word_1_136' title='bbox 615 2002 679 2060; x_wconf 86' lang='lat' dir='ltr'>oieo</span> <span class='ocrx_word' id='word_1_137' title='bbox 691 2003 788 2059; x_wconf 85' lang='lat' dir='ltr'>aaiutie</span> <span class='ocrx_word' id='word_1_138' title='bbox 804 2003 831 2060; x_wconf 92' lang='lat' dir='ltr'>in</span> <span class='ocrx_word' id='word_1_139' title='bbox 847 2002 956 2060; x_wconf 73' lang='lat' dir='ltr'>Christo</span> <span class='ocrx_word' id='word_1_140' title='bbox 972 2003 1039 2059; x_wconf 80' lang='lat' dir='ltr'>iasar</span> <span class='ocrx_word' id='word_1_141' title='bbox 1048 2004 1165 2060; x_wconf 80' lang='lat' dir='ltr'>bomine</span> <span class='ocrx_word' id='word_1_142' title='bbox 1181 2012 1279 2062; x_wconf 80' lang='lat' dir='ltr'>nostro</span> <span class='ocrx_word' id='word_1_143' title='bbox 1296 2007 1324 2063; x_wconf 88' lang='lat' dir='ltr'>in</span> <span class='ocrx_word' id='word_1_144' title='bbox 1337 2006 1406 2061; x_wconf 75' lang='lat' dir='ltr'>vitan</span> 
     </span>
     <span class='ocr_line' id='line_1_17' title="bbox 106 2086 1407 2162; baseline -0.005 -11"><span class='ocrx_word' id='word_1_145' title='bbox 106 2100 252 2151; x_wconf 78' lang='lat' dir='ltr'>aeternam.</span> <span class='ocrx_word' id='word_1_146' title='bbox 276 2091 370 2147; x_wconf 75' lang='lat' dir='ltr'>Amen.</span> <span class='ocrx_word' id='word_1_147' title='bbox 411 2086 452 2145; x_wconf 81' lang='lat' dir='ltr'>iio</span> <span class='ocrx_word' id='word_1_148' title='bbox 462 2093 550 2144; x_wconf 88' lang='lat' dir='ltr'>antam</span> <span class='ocrx_word' id='word_1_149' title='bbox 562 2086 659 2143; x_wconf 80' lang='lat' dir='ltr'>ordine</span> <span class='ocrx_word' id='word_1_150' title='bbox 672 2087 713 2142; x_wconf 86' lang='lat' dir='ltr'>aie</span> <span class='ocrx_word' id='word_1_151' title='bbox 727 2094 840 2160; x_wconf 76' lang='lat' dir='ltr'>peraeto</span> <span class='ocrx_word' id='word_1_152' title='bbox 852 2087 999 2158; x_wconf 71' lang='lat' dir='ltr'>Presbyter</span> <span class='ocrx_word' id='word_1_153' title='bbox 1010 2088 1149 2160; x_wconf 74' lang='lat' dir='ltr'>accipiens</span> <span class='ocrx_word' id='word_1_154' title='bbox 1164 2089 1282 2147; x_wconf 74' lang='lat' dir='ltr'>inianter</span> <span class='ocrx_word' id='word_1_155' title='bbox 1295 2105 1310 2145; x_wconf 89' lang='lat' dir='ltr'>a</span> <span class='ocrx_word' id='word_1_156' title='bbox 1318 2106 1407 2162; x_wconf 83' lang='lat' dir='ltr'>parea·</span> 
     </span>
     <span class='ocr_line' id='line_1_18' title="bbox 104 2169 1408 2244; baseline -0.005 -9"><span class='ocrx_word' id='word_1_157' title='bbox 104 2176 177 2235; x_wconf 83' lang='lat' dir='ltr'>tibae</span> <span class='ocrx_word' id='word_1_158' title='bbox 194 2191 289 2233; x_wconf 86' lang='lat' dir='ltr'>eamn</span> <span class='ocrx_word' id='word_1_159' title='bbox 302 2174 372 2230; x_wconf 85' lang='lat' dir='ltr'>aient</span> <span class='ocrx_word' id='word_1_160' title='bbox 387 2170 484 2229; x_wconf 80' lang='lat' dir='ltr'>iustam</span> <span class='ocrx_word' id='word_1_161' title='bbox 499 2179 543 2228; x_wconf 79' lang='lat' dir='ltr'>eet</span> <span class='ocrx_word' id='word_1_162' title='bbox 560 2178 589 2227; x_wconf 87' lang='lat' dir='ltr'>et</span> <span class='ocrx_word' id='word_1_163' title='bbox 603 2171 637 2226; x_wconf 90' lang='lat' dir='ltr'>ab</span> <span class='ocrx_word' id='word_1_164' title='bbox 650 2169 690 2226; x_wconf 73' lang='lat' dir='ltr'>eia</span> <span class='ocrx_word' id='word_1_165' title='bbox 705 2179 820 2242; x_wconf 75' lang='lat' dir='ltr'>rogatae</span> <span class='ocrx_word' id='word_1_166' title='bbox 839 2171 889 2228; x_wconf 86' lang='lat' dir='ltr'>aab</span> <span class='ocrx_word' id='word_1_167' title='bbox 906 2172 976 2228; x_wconf 86' lang='lat' dir='ltr'>trina</span> <span class='ocrx_word' id='word_1_168' title='bbox 995 2172 1132 2230; x_wconf 73' lang='lat' dir='ltr'>mersione</span> <span class='ocrx_word' id='word_1_169' title='bbox 1149 2173 1266 2244; x_wconf 82' lang='lat' dir='ltr'>primam</span> <span class='ocrx_word' id='word_1_170' title='bbox 1284 2174 1408 2230; x_wconf 71' lang='lat' dir='ltr'>mata</span> 
     </span>
     <span class='ocr_line' id='line_1_19' title="bbox 105 2253 1407 2335; baseline -0.002 -16"><span class='ocrx_word' id='word_1_171' title='bbox 105 2267 134 2318; x_wconf 87' lang='lat' dir='ltr'>et</span> <span class='ocrx_word' id='word_1_172' title='bbox 149 2257 322 2335; x_wconf 74' lang='lat' dir='ltr'>postmodnm</span> <span class='ocrx_word' id='word_1_173' title='bbox 339 2255 452 2313; x_wconf 76' lang='lat' dir='ltr'>reminas</span> <span class='ocrx_word' id='word_1_174' title='bbox 466 2254 630 2312; x_wconf 87' lang='lat' dir='ltr'>nominando</span> <span class='ocrx_word' id='word_1_175' title='bbox 645 2253 766 2327; x_wconf 78' lang='lat' dir='ltr'>baptizet</span> <span class='ocrx_word' id='word_1_176' title='bbox 778 2256 821 2312; x_wconf 79' lang='lat' dir='ltr'>iria</span> <span class='ocrx_word' id='word_1_177' title='bbox 835 2254 945 2313; x_wconf 79' lang='lat' dir='ltr'>verbis:</span> <span class='ocrx_word' id='word_1_178' title='bbox 974 2255 1007 2312; x_wconf 81' lang='lat' dir='ltr'>id.</span> <span class='ocrx_word' id='word_1_179' title='bbox 1022 2257 1064 2315; x_wconf 82' lang='lat' dir='ltr'>via</span> <span class='ocrx_word' id='word_1_180' title='bbox 1075 2255 1234 2329; x_wconf 73' lang='lat' dir='ltr'>baptizarit</span> <span class='ocrx_word' id='word_1_181' title='bbox 1272 2253 1313 2335; x_wconf 60' lang='lat' dir='ltr'>iia</span> <span class='ocrx_word' id='word_1_182' title='bbox 1330 2257 1407 2317; x_wconf 71' lang='lat' dir='ltr'>tom.</span> 
     </span>
     <span class='ocr_line' id='line_1_20' title="bbox 105 2337 1407 2419; baseline -0.005 -16"><span class='ocrx_word' id='word_1_183' title='bbox 105 2344 217 2419; x_wconf 83' lang='lat' dir='ltr'>Baptiao</span> <span class='ocrx_word' id='word_1_184' title='bbox 229 2351 258 2400; x_wconf 89' lang='lat' dir='ltr'>te</span> <span class='ocrx_word' id='word_1_185' title='bbox 269 2344 296 2400; x_wconf 89' lang='lat' dir='ltr'>in</span> <span class='ocrx_word' id='word_1_186' title='bbox 313 2340 421 2398; x_wconf 85' lang='lat' dir='ltr'>nomina</span> <span class='ocrx_word' id='word_1_187' title='bbox 432 2340 529 2396; x_wconf 82' lang='lat' dir='ltr'>Patria.</span> <span class='ocrx_word' id='word_1_188' title='bbox 558 2337 592 2394; x_wconf 83' lang='lat' dir='ltr'>iit</span> <span class='ocrx_word' id='word_1_189' title='bbox 606 2339 717 2410; x_wconf 77' lang='lat' dir='ltr'>intingit</span> <span class='ocrx_word' id='word_1_190' title='bbox 729 2341 824 2398; x_wconf 84' lang='lat' dir='ltr'>aemei.</span> <span class='ocrx_word' id='word_1_191' title='bbox 845 2340 881 2396; x_wconf 82' lang='lat' dir='ltr'>Et</span> <span class='ocrx_word' id='word_1_192' title='bbox 894 2338 963 2397; x_wconf 89' lang='lat' dir='ltr'>Piiii.</span> <span class='ocrx_word' id='word_1_193' title='bbox 986 2339 1022 2396; x_wconf 87' lang='lat' dir='ltr'>Et</span> <span class='ocrx_word' id='word_1_194' title='bbox 1037 2341 1138 2397; x_wconf 82' lang='lat' dir='ltr'>inierat</span> <span class='ocrx_word' id='word_1_195' title='bbox 1155 2340 1283 2399; x_wconf 77' lang='lat' dir='ltr'>seeundo.</span> <span class='ocrx_word' id='word_1_196' title='bbox 1306 2341 1339 2399; x_wconf 84' lang='lat' dir='ltr'>iit</span> <span class='ocrx_word' id='word_1_197' title='bbox 1348 2342 1407 2414; x_wconf 83' lang='lat' dir='ltr'>Spi-</span> 
     </span>
     <span class='ocr_line' id='line_1_21' title="bbox 105 2421 1407 2495; baseline -0.004 -9"><span class='ocrx_word' id='word_1_198' title='bbox 105 2428 284 2486; x_wconf 83' lang='lat' dir='ltr'>ritnasaneti.</span> <span class='ocrx_word' id='word_1_199' title='bbox 316 2426 351 2482; x_wconf 85' lang='lat' dir='ltr'>Et</span> <span class='ocrx_word' id='word_1_200' title='bbox 368 2423 575 2495; x_wconf 71' lang='lat' dir='ltr'>mergattertio.</span> <span class='ocrx_word' id='word_1_201' title='bbox 604 2421 658 2481; x_wconf 84' lang='lat' dir='ltr'>Sed</span> <span class='ocrx_word' id='word_1_202' title='bbox 669 2429 697 2479; x_wconf 88' lang='lat' dir='ltr'>et</span> <span class='ocrx_word' id='word_1_203' title='bbox 707 2425 760 2480; x_wconf 86' lang='lat' dir='ltr'>hoe</span> <span class='ocrx_word' id='word_1_204' title='bbox 771 2424 917 2489; x_wconf 83' lang='lat' dir='ltr'>inmodam</span> <span class='ocrx_word' id='word_1_205' title='bbox 929 2424 1019 2481; x_wconf 82' lang='lat' dir='ltr'>cancie</span> <span class='ocrx_word' id='word_1_206' title='bbox 1030 2427 1123 2482; x_wconf 82' lang='lat' dir='ltr'>iacere</span> <span class='ocrx_word' id='word_1_207' title='bbox 1133 2434 1278 2487; x_wconf 85' lang='lat' dir='ltr'>meento.</span> <span class='ocrx_word' id='word_1_208' title='bbox 1298 2426 1407 2483; x_wconf 81' lang='lat' dir='ltr'>Prinne</span> 
     </span>
     <span class='ocr_line' id='line_1_22' title="bbox 105 2507 1411 2585; baseline -0.001 -14"><span class='ocrx_word' id='word_1_209' title='bbox 105 2529 173 2570; x_wconf 83' lang='lat' dir='ltr'>vero</span> <span class='ocrx_word' id='word_1_210' title='bbox 197 2514 224 2569; x_wconf 88' lang='lat' dir='ltr'>in</span> <span class='ocrx_word' id='word_1_211' title='bbox 246 2510 407 2569; x_wconf 82' lang='lat' dir='ltr'>orientalem</span> <span class='ocrx_word' id='word_1_212' title='bbox 424 2509 533 2582; x_wconf 80' lang='lat' dir='ltr'>plagam</span> <span class='ocrx_word' id='word_1_213' title='bbox 555 2507 598 2564; x_wconf 83' lang='lat' dir='ltr'>ier</span> <span class='ocrx_word' id='word_1_214' title='bbox 614 2507 746 2578; x_wconf 76' lang='lat' dir='ltr'>infantem</span> <span class='ocrx_word' id='word_1_215' title='bbox 766 2509 886 2566; x_wconf 77' lang='lat' dir='ltr'>extemis</span> <span class='ocrx_word' id='word_1_216' title='bbox 904 2508 1019 2582; x_wconf 77' lang='lat' dir='ltr'>pedibas</span> <span class='ocrx_word' id='word_1_217' title='bbox 1038 2508 1067 2566; x_wconf 91' lang='lat' dir='ltr'>in&#39;</span> <span class='ocrx_word' id='word_1_218' title='bbox 1084 2510 1285 2568; x_wconf 76' lang='lat' dir='ltr'>occidentalem</span> <span class='ocrx_word' id='word_1_219' title='bbox 1301 2512 1411 2585; x_wconf 74' lang='lat' dir='ltr'>plagan-</span> 
     </span>
     <span class='ocr_line' id='line_1_23' title="bbox 104 2588 1439 2671; baseline -0.004 -16"><span class='ocrx_word' id='word_1_220' title='bbox 104 2594 230 2655; x_wconf 85' lang='lat' dir='ltr'>Saenndo</span> <span class='ocrx_word' id='word_1_221' title='bbox 246 2595 273 2653; x_wconf 91' lang='lat' dir='ltr'>in</span> <span class='ocrx_word' id='word_1_222' title='bbox 288 2588 422 2664; x_wconf 76' lang='lat' dir='ltr'>dextram,</span> <span class='ocrx_word' id='word_1_223' title='bbox 438 2590 511 2666; x_wconf 86' lang='lat' dir='ltr'>qnod</span> <span class='ocrx_word' id='word_1_224' title='bbox 526 2599 569 2649; x_wconf 81' lang='lat' dir='ltr'>eat</span> <span class='ocrx_word' id='word_1_225' title='bbox 582 2590 609 2648; x_wconf 91' lang='lat' dir='ltr'>in</span> <span class='ocrx_word' id='word_1_226' title='bbox 628 2592 774 2649; x_wconf 86' lang='lat' dir='ltr'>anatraiem</span> <span class='ocrx_word' id='word_1_227' title='bbox 790 2592 910 2667; x_wconf 75' lang='lat' dir='ltr'>plagam.</span> <span class='ocrx_word' id='word_1_228' title='bbox 936 2594 1028 2650; x_wconf 79' lang='lat' dir='ltr'>Tertia</span> <span class='ocrx_word' id='word_1_229' title='bbox 1041 2595 1067 2650; x_wconf 92' lang='lat' dir='ltr'>in</span> <span class='ocrx_word' id='word_1_230' title='bbox 1078 2594 1219 2671; x_wconf 69' lang='lat' dir='ltr'>sinimrarn</span> <span class='ocrx_word' id='word_1_231' title='bbox 1230 2596 1289 2652; x_wconf 77' lang='lat' dir='ltr'>ine.</span> <span class='ocrx_word' id='word_1_232' title='bbox 1301 2596 1327 2653; x_wconf 86' lang='lat' dir='ltr'>ia</span> <span class='ocrx_word' id='word_1_233' title='bbox 1340 2595 1404 2667; x_wconf 84' lang='lat' dir='ltr'>eqni·</span> <span class='ocrx_word' id='word_1_234' title='bbox 1435 2588 1439 2598; x_wconf 91' lang='lat'>&#39;</span> 
     </span>
     <span class='ocr_line' id='line_1_24' title="bbox 53 2674 1404 2753; baseline -0.004 -14"><span class='ocrx_word' id='word_1_235' title='bbox 53 2686 56 2693; x_wconf 83' lang='grc'><em>“</em></span> <span class='ocrx_word' id='word_1_236' title='bbox 104 2683 228 2739; x_wconf 77' lang='lat' dir='ltr'>lunarem</span> <span class='ocrx_word' id='word_1_237' title='bbox 239 2688 351 2753; x_wconf 87' lang='lat' dir='ltr'>partem.</span> <span class='ocrx_word' id='word_1_238' title='bbox 396 2677 460 2734; x_wconf 80' lang='lat' dir='ltr'>cum</span> <span class='ocrx_word' id='word_1_239' title='bbox 478 2682 567 2733; x_wconf 83' lang='lat' dir='ltr'>antem</span> <span class='ocrx_word' id='word_1_240' title='bbox 582 2674 700 2733; x_wconf 84' lang='lat' dir='ltr'>iniantea</span> <span class='ocrx_word' id='word_1_241' title='bbox 718 2677 818 2733; x_wconf 83' lang='lat' dir='ltr'>aiaaati</span> <span class='ocrx_word' id='word_1_242' title='bbox 830 2678 930 2734; x_wconf 84' lang='lat' dir='ltr'>inerint</span> <span class='ocrx_word' id='word_1_243' title='bbox 945 2674 1074 2749; x_wconf 69' lang='lat' dir='ltr'>ediante,</span> <span class='ocrx_word' id='word_1_244' title='bbox 1090 2689 1235 2753; x_wconf 78' lang='lat' dir='ltr'>compater</span> <span class='ocrx_word' id='word_1_245' title='bbox 1250 2681 1404 2752; x_wconf 74' lang='lat' dir='ltr'>aiagniama</span> 
     </span>
     <span class='ocr_line' id='line_1_25' title="bbox 105 2759 1404 2837; baseline -0.003 -15"><span class='ocrx_word' id='word_1_246' title='bbox 105 2764 245 2837; x_wconf 76' lang='lat' dir='ltr'>accipiens</span> <span class='ocrx_word' id='word_1_247' title='bbox 257 2779 307 2819; x_wconf 84' lang='lat' dir='ltr'>aas</span> <span class='ocrx_word' id='word_1_248' title='bbox 318 2763 418 2818; x_wconf 85' lang='lat' dir='ltr'>habeat</span> <span class='ocrx_word' id='word_1_249' title='bbox 431 2763 502 2818; x_wconf 90' lang='lat' dir='ltr'>intra</span> <span class='ocrx_word' id='word_1_250' title='bbox 516 2761 611 2816; x_wconf 82' lang='lat' dir='ltr'>cubam</span> <span class='ocrx_word' id='word_1_251' title='bbox 626 2759 741 2833; x_wconf 85' lang='lat' dir='ltr'>pedibaa</span> <span class='ocrx_word' id='word_1_252' title='bbox 752 2760 862 2818; x_wconf 74' lang='lat' dir='ltr'>infantia</span> <span class='ocrx_word' id='word_1_253' title='bbox 878 2761 965 2818; x_wconf 84' lang='lat' dir='ltr'>adbne</span> <span class='ocrx_word' id='word_1_254' title='bbox 982 2761 1008 2818; x_wconf 90' lang='lat' dir='ltr'>in</span> <span class='ocrx_word' id='word_1_255' title='bbox 1021 2780 1089 2835; x_wconf 87' lang='lat' dir='ltr'>aqua</span> <span class='ocrx_word' id='word_1_256' title='bbox 1105 2765 1321 2822; x_wconf 72' lang='lat' dir='ltr'>consistentibus</span> <span class='ocrx_word' id='word_1_257' title='bbox 1331 2764 1404 2820; x_wconf 85' lang='lat' dir='ltr'>danae</span> 
     </span>
     <span class='ocr_line' id='line_1_26' title="bbox 104 2839 1430 2931; baseline 0 -25"><span class='ocrx_word' id='word_1_258' title='bbox 104 2849 250 2918; x_wconf 76' lang='lat' dir='ltr'>Presbyter</span> <span class='ocrx_word' id='word_1_259' title='bbox 263 2845 379 2903; x_wconf 80' lang='lat' dir='ltr'>chrisma</span> <span class='ocrx_word' id='word_1_260' title='bbox 393 2846 534 2920; x_wconf 84' lang='lat' dir='ltr'>requiram</span> <span class='ocrx_word' id='word_1_261' title='bbox 548 2845 686 2931; x_wconf 75' lang='lat' dir='ltr'>praeierat</span> <span class='ocrx_word' id='word_1_262' title='bbox 697 2843 804 2901; x_wconf 86' lang='lat' dir='ltr'>interim</span> <span class='ocrx_word' id='word_1_263' title='bbox 816 2863 924 2918; x_wconf 87' lang='lat' dir='ltr'>qnoque</span> <span class='ocrx_word' id='word_1_264' title='bbox 934 2846 985 2903; x_wconf 88' lang='lat' dir='ltr'>iata</span> <span class='ocrx_word' id='word_1_265' title='bbox 994 2846 1096 2905; x_wconf 80' lang='lat' dir='ltr'>dieena:</span> <span class='ocrx_word' id='word_1_266' title='bbox 1105 2848 1403 2923; x_wconf 77' lang='lat' dir='ltr'>Deusomnipoteaeete·</span> <span class='ocrx_word' id='word_1_267' title='bbox 1427 2839 1430 2847; x_wconf 74' lang='grc'><strong>’</strong></span> 
     </span>
    </p>
   </div>
   <div class='ocr_carea' id='block_1_9' title="bbox 28 2938 1404 3121">
    <p class='ocr_par' dir='ltr' id='par_1_9' title="bbox 28 2938 1404 3121">
     <span class='ocr_line' id='line_1_27' title="bbox 188 2938 1404 3025; baseline 0.002 -22"><span class='ocrx_word' id='word_1_268' title='bbox 188 2947 219 3025; x_wconf 76' lang='lat'>2)</span> <span class='ocrx_word' id='word_1_269' title='bbox 235 2946 269 3003; x_wconf 87' lang='lat' dir='ltr'>V.</span> <span class='ocrx_word' id='word_1_270' title='bbox 285 2946 336 3004; x_wconf 87' lang='lat' dir='ltr'>Hie</span> <span class='ocrx_word' id='word_1_271' title='bbox 347 2948 494 3019; x_wconf 73' lang='lat' dir='ltr'>Presbyter</span> <span class='ocrx_word' id='word_1_272' title='bbox 509 2938 612 3004; x_wconf 77' lang='lat' dir='ltr'>iaciens</span> <span class='ocrx_word' id='word_1_273' title='bbox 629 2948 736 3025; x_wconf 77' lang='lat' dir='ltr'>aignuin</span> <span class='ocrx_word' id='word_1_274' title='bbox 752 2949 841 3006; x_wconf 83' lang='lat' dir='ltr'>erneis</span> <span class='ocrx_word' id='word_1_275' title='bbox 862 2968 922 3009; x_wconf 86' lang='lat' dir='ltr'>eum</span> <span class='ocrx_word' id='word_1_276' title='bbox 937 2951 1082 3009; x_wconf 73' lang='lat' dir='ltr'>chrismata</span> <span class='ocrx_word' id='word_1_277' title='bbox 1100 2952 1126 3007; x_wconf 90' lang='lat' dir='ltr'>in</span> <span class='ocrx_word' id='word_1_278' title='bbox 1146 2953 1254 3010; x_wconf 78' lang='lat' dir='ltr'>vertice</span> <span class='ocrx_word' id='word_1_279' title='bbox 1271 2952 1404 3011; x_wconf 82' lang='lat' dir='ltr'>iaimtieet</span> 
     </span>
     <span class='ocr_line' id='line_1_28' title="bbox 28 3029 650 3121; baseline -0.003 -32"><span class='ocrx_word' id='word_1_280' title='bbox 28 3052 33 3062; x_wconf 94' lang='lat'>·</span> <span class='ocrx_word' id='word_1_281' title='bbox 104 3049 165 3089; x_wconf 88' lang='lat' dir='ltr'>euna</span> <span class='ocrx_word' id='word_1_282' title='bbox 181 3029 368 3121; x_wconf 76' lang='lat' dir='ltr'>nominanaita</span> <span class='ocrx_word' id='word_1_283' title='bbox 383 3032 471 3088; x_wconf 81' lang='lat' dir='ltr'>dicat:</span> <span class='ocrx_word' id='word_1_284' title='bbox 496 3032 558 3106; x_wconf 85' lang='lat' dir='ltr'>ipse</span> <span class='ocrx_word' id='word_1_285' title='bbox 572 3038 626 3088; x_wconf 85' lang='lat' dir='ltr'>ete.</span> <span class='ocrx_word' id='word_1_286' title='bbox 644 3086 650 3097; x_wconf 87' lang='grc'>,</span> 
     </span>
    </p>
   </div>
   <div class='ocr_carea' id='block_1_10' title="bbox 19 3130 1441 4395">
    <p class='ocr_par' dir='ltr' id='par_1_10' title="bbox 19 3130 1441 4395">
     <span class='ocr_line' id='line_1_29' title="bbox 187 3130 1404 3211; baseline 0.007 -21"><span class='ocrx_word' id='word_1_287' title='bbox 187 3131 220 3211; x_wconf 81' lang='grc'>3)</span> <span class='ocrx_word' id='word_1_288' title='bbox 236 3132 272 3190; x_wconf 77' lang='lat' dir='ltr'>V.</span> <span class='ocrx_word' id='word_1_289' title='bbox 285 3134 354 3205; x_wconf 81' lang='lat' dir='ltr'>Peat</span> <span class='ocrx_word' id='word_1_290' title='bbox 370 3133 439 3190; x_wconf 87' lang='lat' dir='ltr'>haee</span> <span class='ocrx_word' id='word_1_291' title='bbox 458 3150 563 3207; x_wconf 83' lang='lat' dir='ltr'>ponam</span> <span class='ocrx_word' id='word_1_292' title='bbox 576 3151 694 3209; x_wconf 84' lang='lat' dir='ltr'>eappan</span> <span class='ocrx_word' id='word_1_293' title='bbox 711 3152 795 3209; x_wconf 79' lang='lat' dir='ltr'>anper</span> <span class='ocrx_word' id='word_1_294' title='bbox 807 3144 887 3210; x_wconf 82' lang='lat' dir='ltr'>eaput</span> <span class='ocrx_word' id='word_1_295' title='bbox 902 3138 961 3195; x_wconf 84' lang='lat' dir='ltr'>eius</span> <span class='ocrx_word' id='word_1_296' title='bbox 981 3145 1009 3195; x_wconf 90' lang='lat' dir='ltr'>et</span> <span class='ocrx_word' id='word_1_297' title='bbox 1023 3154 1085 3197; x_wconf 85' lang='lat' dir='ltr'>eam</span> <span class='ocrx_word' id='word_1_298' title='bbox 1104 3140 1251 3199; x_wconf 80' lang='lat' dir='ltr'>nominans</span> <span class='ocrx_word' id='word_1_299' title='bbox 1269 3143 1311 3201; x_wconf 86' lang='lat' dir='ltr'>sie</span> <span class='ocrx_word' id='word_1_300' title='bbox 1331 3130 1404 3201; x_wconf 80' lang='lat' dir='ltr'>dieat:</span> 
     </span>
     <span class='ocr_line' id='line_1_30' title="bbox 102 3212 1405 3294; baseline 0.005 -20"><span class='ocrx_word' id='word_1_301' title='bbox 102 3218 209 3292; x_wconf 75' lang='lat' dir='ltr'>Aeeipe</span> <span class='ocrx_word' id='word_1_302' title='bbox 220 3225 325 3277; x_wconf 76' lang='lat' dir='ltr'>vestam</span> <span class='ocrx_word' id='word_1_303' title='bbox 339 3217 481 3275; x_wconf 81' lang='lat' dir='ltr'>madidam</span> <span class='ocrx_word' id='word_1_304' title='bbox 501 3228 530 3277; x_wconf 83' lang='lat' dir='ltr'>at</span> <span class='ocrx_word' id='word_1_305' title='bbox 548 3220 759 3290; x_wconf 78' lang='lat' dir='ltr'>immediatam,</span> <span class='ocrx_word' id='word_1_306' title='bbox 777 3216 860 3293; x_wconf 87' lang='lat' dir='ltr'>&#39;quam</span> <span class='ocrx_word' id='word_1_307' title='bbox 876 3212 1018 3294; x_wconf 74' lang='lat' dir='ltr'>praeie&#39;raa</span> <span class='ocrx_word' id='word_1_308' title='bbox 1040 3229 1103 3278; x_wconf 87' lang='lat' dir='ltr'>aeta</span> <span class='ocrx_word' id='word_1_309' title='bbox 1125 3223 1247 3281; x_wconf 83' lang='lat' dir='ltr'>tribunal</span> <span class='ocrx_word' id='word_1_310' title='bbox 1268 3227 1366 3285; x_wconf 76' lang='lat' dir='ltr'>Christi</span> <span class='ocrx_word' id='word_1_311' title='bbox 1383 3226 1405 3283; x_wconf 93' lang='lat' dir='ltr'>in</span> 
     </span>
     <span class='ocr_line' id='line_1_31' title="bbox 103 3302 1409 3370; baseline 0.006 -13"><span class='ocrx_word' id='word_1_312' title='bbox 103 3302 214 3357; x_wconf 87' lang='lat' dir='ltr'>nomina</span> <span class='ocrx_word' id='word_1_313' title='bbox 227 3311 337 3360; x_wconf 81' lang='lat' dir='ltr'>sanetae</span> <span class='ocrx_word' id='word_1_314' title='bbox 351 3303 499 3361; x_wconf 82' lang='lat' dir='ltr'>Trinitatis.</span> <span class='ocrx_word' id='word_1_315' title='bbox 525 3303 621 3359; x_wconf 75' lang='lat' dir='ltr'>Amen.</span> <span class='ocrx_word' id='word_1_316' title='bbox 664 3304 737 3358; x_wconf 86' lang='lat' dir='ltr'>Tune</span> <span class='ocrx_word' id='word_1_317' title='bbox 749 3303 854 3360; x_wconf 88' lang='lat' dir='ltr'>demum</span> <span class='ocrx_word' id='word_1_318' title='bbox 868 3308 1028 3363; x_wconf 79' lang='lat' dir='ltr'>extrahatur</span> <span class='ocrx_word' id='word_1_319' title='bbox 1037 3306 1127 3362; x_wconf 81' lang='lat' dir='ltr'>inians</span> <span class='ocrx_word' id='word_1_320' title='bbox 1140 3307 1217 3365; x_wconf 78' lang='lat' dir='ltr'>iores</span> <span class='ocrx_word' id='word_1_321' title='bbox 1237 3312 1372 3370; x_wconf 76' lang='lat' dir='ltr'>annatim</span> <span class='ocrx_word' id='word_1_322' title='bbox 1385 3315 1409 3366; x_wconf 85' lang='lat' dir='ltr'>et·</span> 
     </span>
     <span class='ocr_line' id='line_1_32' title="bbox 19 3384 1403 3467; baseline 0.004 -26"><span class='ocrx_word' id='word_1_323' title='bbox 19 3384 22 3391; x_wconf 90' lang='lat'>&#39;</span> <span class='ocrx_word' id='word_1_324' title='bbox 103 3385 194 3442; x_wconf 81' lang='lat' dir='ltr'>atatim</span> <span class='ocrx_word' id='word_1_325' title='bbox 208 3385 235 3440; x_wconf 90' lang='lat' dir='ltr'>ia</span> <span class='ocrx_word' id='word_1_326' title='bbox 250 3386 298 3442; x_wconf 87' lang='lat' dir='ltr'>illa</span> <span class='ocrx_word' id='word_1_327' title='bbox 309 3387 371 3457; x_wconf 88' lang='lat' dir='ltr'>die,</span> <span class='ocrx_word' id='word_1_328' title='bbox 389 3392 474 3459; x_wconf 78' lang='lat' dir='ltr'>daque</span> <span class='ocrx_word' id='word_1_329' title='bbox 491 3386 553 3444; x_wconf 85' lang='lat' dir='ltr'>dnm</span> <span class='ocrx_word' id='word_1_330' title='bbox 568 3386 657 3443; x_wconf 80' lang='lat' dir='ltr'>itiam·</span> <span class='ocrx_word' id='word_1_331' title='bbox 671 3384 893 3460; x_wconf 76' lang='lat' dir='ltr'>peraetenramr,</span> <span class='ocrx_word' id='word_1_332' title='bbox 910 3391 1002 3462; x_wconf 84' lang='lat' dir='ltr'>quanti</span> <span class='ocrx_word' id='word_1_333' title='bbox 1021 3390 1076 3447; x_wconf 85' lang='lat' dir='ltr'>aiat</span> <span class='ocrx_word' id='word_1_334' title='bbox 1095 3389 1264 3467; x_wconf 76' lang='lat' dir='ltr'>ineeeieaie</span> <span class='ocrx_word' id='word_1_335' title='bbox 1282 3402 1403 3453; x_wconf 82' lang='lat' dir='ltr'>maneant.</span> 
     </span>
     <span class='ocr_line' id='line_1_33' title="bbox 103 3460 1406 3547; baseline 0.009 -23"><span class='ocrx_word' id='word_1_336' title='bbox 103 3468 170 3525; x_wconf 73' lang='lat' dir='ltr'>Post</span> <span class='ocrx_word' id='word_1_337' title='bbox 186 3469 294 3525; x_wconf 79' lang='lat' dir='ltr'>iiiaaarn</span> <span class='ocrx_word' id='word_1_338' title='bbox 307 3478 411 3542; x_wconf 89' lang='lat' dir='ltr'>autem,</span> <span class='ocrx_word' id='word_1_339' title='bbox 432 3479 576 3543; x_wconf 86' lang='lat' dir='ltr'>antequam</span> <span class='ocrx_word' id='word_1_340' title='bbox 592 3478 701 3527; x_wconf 76' lang='lat' dir='ltr'>nument</span> <span class='ocrx_word' id='word_1_341' title='bbox 716 3460 824 3544; x_wconf 72' lang='lat' dir='ltr'>carpam</span> <span class='ocrx_word' id='word_1_342' title='bbox 838 3482 867 3529; x_wconf 88' lang='lat' dir='ltr'>et</span> <span class='ocrx_word' id='word_1_343' title='bbox 880 3474 1044 3547; x_wconf 75' lang='lat' dir='ltr'>Sang&#39;uinem</span> <span class='ocrx_word' id='word_1_344' title='bbox 1062 3474 1182 3545; x_wconf 81' lang='lat' dir='ltr'>Domini,</span> <span class='ocrx_word' id='word_1_345' title='bbox 1201 3476 1257 3535; x_wconf 86' lang='lat' dir='ltr'>irae</span> <span class='ocrx_word' id='word_1_346' title='bbox 1276 3480 1406 3539; x_wconf 75' lang='lat' dir='ltr'>eratione</span> 
     </span>
     <span class='ocr_line' id='line_1_34' title="bbox 102 3552 1406 3639; baseline 0.008 -30"><span class='ocrx_word' id='word_1_347' title='bbox 102 3552 323 3626; x_wconf 79' lang='lat' dir='ltr'>dieanturauper</span> <span class='ocrx_word' id='word_1_348' title='bbox 333 3555 450 3611; x_wconf 83' lang='lat' dir='ltr'>inientes</span> <span class='ocrx_word' id='word_1_349' title='bbox 463 3556 571 3612; x_wconf 84' lang='lat' dir='ltr'>noviter</span> <span class='ocrx_word' id='word_1_350' title='bbox 581 3554 751 3627; x_wconf 74' lang='lat' dir='ltr'>baptizatos:</span> <span class='ocrx_word' id='word_1_351' title='bbox 768 3556 955 3630; x_wconf 77' lang='lat' dir='ltr'>Omnipotens,</span> <span class='ocrx_word' id='word_1_352' title='bbox 966 3558 1132 3631; x_wconf 71' lang='lat' dir='ltr'>sempiterne</span> <span class='ocrx_word' id='word_1_353' title='bbox 1143 3560 1229 3632; x_wconf 83' lang='lat' dir='ltr'>Dens,</span> <span class='ocrx_word' id='word_1_354' title='bbox 1241 3566 1288 3639; x_wconf 83' lang='lat' dir='ltr'>qni</span> <span class='ocrx_word' id='word_1_355' title='bbox 1300 3581 1406 3635; x_wconf 76' lang='lat' dir='ltr'>regene-</span> 
     </span>
     <span class='ocr_line' id='line_1_35' title="bbox 70 3637 1408 3713; baseline 0.006 -17"><span class='ocrx_word' id='word_1_356' title='bbox 70 3648 73 3653; x_wconf 70' lang='grc'><strong>“</strong></span> <span class='ocrx_word' id='word_1_357' title='bbox 103 3637 173 3696; x_wconf 82' lang='lat' dir='ltr'>raeti</span> <span class='ocrx_word' id='word_1_358' title='bbox 188 3644 240 3693; x_wconf 85' lang='lat' dir='ltr'>ate.</span> <span class='ocrx_word' id='word_1_359' title='bbox 259 3646 289 3695; x_wconf 82' lang='lat' dir='ltr'>et</span> <span class='ocrx_word' id='word_1_360' title='bbox 310 3639 500 3712; x_wconf 73' lang='lat' dir='ltr'>Omnipotens,</span> <span class='ocrx_word' id='word_1_361' title='bbox 519 3640 684 3713; x_wconf 71' lang='lat' dir='ltr'>sempiterne</span> <span class='ocrx_word' id='word_1_362' title='bbox 699 3640 787 3711; x_wconf 78' lang='lat' dir='ltr'>Deua,</span> <span class='ocrx_word' id='word_1_363' title='bbox 801 3642 970 3699; x_wconf 80' lang='lat' dir='ltr'>maiestatem</span> <span class='ocrx_word' id='word_1_364' title='bbox 988 3650 1059 3699; x_wconf 87' lang='lat' dir='ltr'>tuam</span> <span class='ocrx_word' id='word_1_365' title='bbox 1073 3650 1127 3699; x_wconf 87' lang='lat' dir='ltr'>ete.</span> <span class='ocrx_word' id='word_1_366' title='bbox 1173 3645 1240 3702; x_wconf 84' lang='lat' dir='ltr'>Paat</span> <span class='ocrx_word' id='word_1_367' title='bbox 1261 3649 1314 3707; x_wconf 78' lang='lat' dir='ltr'>inea</span> <span class='ocrx_word' id='word_1_368' title='bbox 1333 3652 1408 3706; x_wconf 73' lang='lat' dir='ltr'>antei</span> 
     </span>
     <span class='ocr_line' id='line_1_36' title="bbox 103 3722 1441 3800; baseline 0.009 -21"><span class='ocrx_word' id='word_1_369' title='bbox 103 3723 244 3780; x_wconf 77' lang='lat' dir='ltr'>orationes</span> <span class='ocrx_word' id='word_1_370' title='bbox 264 3722 342 3780; x_wconf 88' lang='lat' dir='ltr'>detur</span> <span class='ocrx_word' id='word_1_371' title='bbox 360 3724 401 3778; x_wconf 86' lang='lat' dir='ltr'>eia</span> <span class='ocrx_word' id='word_1_372' title='bbox 418 3724 582 3780; x_wconf 79' lang='lat' dir='ltr'>eucharistia</span> <span class='ocrx_word' id='word_1_373' title='bbox 602 3723 640 3780; x_wconf 82' lang='lat' dir='ltr'>ita</span> <span class='ocrx_word' id='word_1_374' title='bbox 656 3723 789 3782; x_wconf 87' lang='lat' dir='ltr'>dicendo:</span> <span class='ocrx_word' id='word_1_375' title='bbox 811 3726 920 3798; x_wconf 74' lang='lat' dir='ltr'>corpur</span> <span class='ocrx_word' id='word_1_376' title='bbox 936 3735 965 3784; x_wconf 89' lang='lat' dir='ltr'>et</span> <span class='ocrx_word' id='word_1_377' title='bbox 983 3727 1100 3800; x_wconf 73' lang='lat' dir='ltr'>Sanguis</span> <span class='ocrx_word' id='word_1_378' title='bbox 1122 3729 1233 3787; x_wconf 82' lang='lat' dir='ltr'>Domini</span> <span class='ocrx_word' id='word_1_379' title='bbox 1253 3735 1344 3791; x_wconf 79' lang='lat' dir='ltr'>nentri</span> <span class='ocrx_word' id='word_1_380' title='bbox 1360 3734 1409 3793; x_wconf 72' lang='lat' dir='ltr'>aaa</span> <span class='ocrx_word' id='word_1_381' title='bbox 1437 3768 1441 3779; x_wconf 88' lang='lat'><strong>·</strong></span> 
     </span>
     <span class='ocr_line' id='line_1_37' title="bbox 103 3805 1408 3887; baseline 0.006 -24"><span class='ocrx_word' id='word_1_382' title='bbox 103 3805 204 3865; x_wconf 60' lang='lat' dir='ltr'>&amp;aad</span> <span class='ocrx_word' id='word_1_383' title='bbox 230 3808 369 3883; x_wconf 69' lang='lat' dir='ltr'>eutadiet</span> <span class='ocrx_word' id='word_1_384' title='bbox 390 3815 420 3863; x_wconf 87' lang='lat' dir='ltr'>te</span> <span class='ocrx_word' id='word_1_385' title='bbox 444 3807 472 3865; x_wconf 88' lang='lat' dir='ltr'>ia</span> <span class='ocrx_word' id='word_1_386' title='bbox 497 3808 581 3865; x_wconf 87' lang='lat' dir='ltr'>vitam</span> <span class='ocrx_word' id='word_1_387' title='bbox 598 3815 748 3872; x_wconf 76' lang='lat' dir='ltr'>aeternam.</span> <span class='ocrx_word' id='word_1_388' title='bbox 781 3808 878 3870; x_wconf 79' lang='lat' dir='ltr'>Amen.</span> <span class='ocrx_word' id='word_1_389' title='bbox 914 3812 1132 3869; x_wconf 78' lang='lat' dir='ltr'>sacramentaria</span> <span class='ocrx_word' id='word_1_390' title='bbox 1141 3814 1299 3887; x_wconf 61' lang='lat' dir='ltr'>,Gallicana</span> <span class='ocrx_word' id='word_1_391' title='bbox 1316 3816 1408 3875; x_wconf 82' lang='lat' dir='ltr'>ierein</span> 
     </span>
     <span class='ocr_line' id='line_1_38' title="bbox 103 3889 1408 3971; baseline 0.013 -27"><span class='ocrx_word' id='word_1_392' title='bbox 103 3889 131 3945; x_wconf 90' lang='lat' dir='ltr'>ia</span> <span class='ocrx_word' id='word_1_393' title='bbox 146 3891 270 3949; x_wconf 81' lang='lat' dir='ltr'>omnibus</span> <span class='ocrx_word' id='word_1_394' title='bbox 290 3910 351 3949; x_wconf 86' lang='lat' dir='ltr'>cnm</span> <span class='ocrx_word' id='word_1_395' title='bbox 367 3891 496 3947; x_wconf 75' lang='lat' dir='ltr'>Romania</span> <span class='ocrx_word' id='word_1_396' title='bbox 513 3892 625 3953; x_wconf 80' lang='lat' dir='ltr'>iaciunt.</span> <span class='ocrx_word' id='word_1_397' title='bbox 668 3892 776 3949; x_wconf 85' lang='lat' dir='ltr'>Habent</span> <span class='ocrx_word' id='word_1_398' title='bbox 795 3901 883 3952; x_wconf 78' lang='lat' dir='ltr'>manen</span> <span class='ocrx_word' id='word_1_399' title='bbox 903 3894 1000 3952; x_wconf 69' lang='lat' dir='ltr'>iisdem</span> <span class='ocrx_word' id='word_1_400' title='bbox 1022 3896 1118 3953; x_wconf 78' lang='lat' dir='ltr'>ritibus</span> <span class='ocrx_word' id='word_1_401' title='bbox 1139 3900 1271 3971; x_wconf 83' lang='lat' dir='ltr'>propriae</span> <span class='ocrx_word' id='word_1_402' title='bbox 1289 3903 1408 3963; x_wconf 75' lang='lat' dir='ltr'>ternans</span> 
     </span>
     <span class='ocr_line' id='line_1_39' title="bbox 50 3975 1441 4053; baseline 0.01 -20"><span class='ocrx_word' id='word_1_403' title='bbox 50 4028 54 4033; x_wconf 93' lang='lat'>.</span> <span class='ocrx_word' id='word_1_404' title='bbox 104 3988 205 4045; x_wconf 73' lang='lat' dir='ltr'>eaeque</span> <span class='ocrx_word' id='word_1_405' title='bbox 222 3977 436 4048; x_wconf 76' lang='lat' dir='ltr'>putcherrimae,</span> <span class='ocrx_word' id='word_1_406' title='bbox 455 3991 481 4029; x_wconf 78' lang='lat' dir='ltr'>a</span> <span class='ocrx_word' id='word_1_407' title='bbox 494 3992 529 4053; x_wconf 68' lang='grc' dir='ltr'>ε.Ι</span> <span class='ocrx_word' id='word_1_408' title='bbox 544 3975 711 4032; x_wconf 75' lang='lat' dir='ltr'>inunctione</span> <span class='ocrx_word' id='word_1_409' title='bbox 725 3977 851 4037; x_wconf 76' lang='lat' dir='ltr'>infantia:</span> <span class='ocrx_word' id='word_1_410' title='bbox 876 3981 957 4053; x_wconf 75' lang='lat' dir='ltr'>tingo</span> <span class='ocrx_word' id='word_1_411' title='bbox 974 3987 1002 4037; x_wconf 86' lang='lat' dir='ltr'>te</span> <span class='ocrx_word' id='word_1_412' title='bbox 1019 3980 1058 4039; x_wconf 87' lang='lat' dir='ltr'>de</span> <span class='ocrx_word' id='word_1_413' title='bbox 1071 3980 1137 4038; x_wconf 85' lang='lat' dir='ltr'>oleo</span> <span class='ocrx_word' id='word_1_414' title='bbox 1158 3984 1336 4049; x_wconf 81' lang='lat' dir='ltr'>aanetifleata</span> <span class='ocrx_word' id='word_1_415' title='bbox 1351 3989 1410 4046; x_wconf 77' lang='lat' dir='ltr'>aimi</span> <span class='ocrx_word' id='word_1_416' title='bbox 1438 3990 1441 3997; x_wconf 84' lang='lat'>&#39;</span> 
     </span>
     <span class='ocr_line' id='line_1_40' title="bbox 104 4042 1408 4143; baseline 0.016 -34"><span class='ocrx_word' id='word_1_417' title='bbox 104 4057 180 4110; x_wconf 84' lang='lat' dir='ltr'>unxit</span> <span class='ocrx_word' id='word_1_418' title='bbox 194 4058 319 4118; x_wconf 65' lang='lat' dir='ltr'>&amp;nahai</span> <span class='ocrx_word' id='word_1_419' title='bbox 331 4042 417 4117; x_wconf 82' lang='lat' dir='ltr'>David</span> <span class='ocrx_word' id='word_1_420' title='bbox 429 4058 456 4113; x_wconf 90' lang='lat' dir='ltr'>in</span> <span class='ocrx_word' id='word_1_421' title='bbox 471 4060 575 4130; x_wconf 77' lang='lat' dir='ltr'>Regem</span> <span class='ocrx_word' id='word_1_422' title='bbox 587 4066 620 4137; x_wconf 25' lang='lat' dir='ltr'>*at</span> <span class='ocrx_word' id='word_1_423' title='bbox 638 4060 812 4132; x_wconf 88' lang='lat' dir='ltr'>Prophetam.</span> <span class='ocrx_word' id='word_1_424' title='bbox 840 4066 899 4139; x_wconf 78' lang='lat' dir='ltr'>Una</span> <span class='ocrx_word' id='word_1_425' title='bbox 921 4073 1149 4123; x_wconf 72' lang='lat' dir='ltr'>commemoratur</span> <span class='ocrx_word' id='word_1_426' title='bbox 1164 4069 1408 4143; x_wconf 64' lang='lat' dir='ltr'>aingnbria&#39;eaeri·</span> 
     </span>
     <span class='ocr_line' id='line_1_41' title="bbox 104 4138 1407 4233; baseline 0.014 -39"><span class='ocrx_word' id='word_1_427' title='bbox 104 4138 203 4196; x_wconf 85' lang='lat' dir='ltr'>mania.</span> <span class='ocrx_word' id='word_1_428' title='bbox 220 4143 362 4203; x_wconf 75' lang='lat' dir='ltr'>Lavaatar</span> <span class='ocrx_word' id='word_1_429' title='bbox 376 4142 546 4216; x_wconf 74' lang='lat' dir='ltr'>baptizandia</span> <span class='ocrx_word' id='word_1_430' title='bbox 557 4143 654 4218; x_wconf 77' lang='lat' dir='ltr'>pedes,</span> <span class='ocrx_word' id='word_1_431' title='bbox 669 4144 712 4202; x_wconf 82' lang='lat' dir='ltr'>hia</span> <span class='ocrx_word' id='word_1_432' title='bbox 730 4147 775 4204; x_wconf 83' lang='lat' dir='ltr'>vei</span> <span class='ocrx_word' id='word_1_433' title='bbox 788 4148 921 4208; x_wconf 75' lang='lat' dir='ltr'>similibus</span> <span class='ocrx_word' id='word_1_434' title='bbox 932 4149 1065 4209; x_wconf 76' lang='lat' dir='ltr'>adiectis:</span> <span class='ocrx_word' id='word_1_435' title='bbox 1092 4150 1156 4225; x_wconf 74' lang='lat' dir='ltr'>Ege</span> <span class='ocrx_word' id='word_1_436' title='bbox 1170 4154 1221 4212; x_wconf 86' lang='lat' dir='ltr'>tibi</span> <span class='ocrx_word' id='word_1_437' title='bbox 1243 4155 1309 4215; x_wconf 80' lang='lat' dir='ltr'>iare</span> <span class='ocrx_word' id='word_1_438' title='bbox 1325 4157 1407 4233; x_wconf 80' lang='lat' dir='ltr'>pedae.</span> 
     </span>
     <span class='ocr_line' id='line_1_42' title="bbox 91 4222 1408 4317; baseline 0.009 -35"><span class='ocrx_word' id='word_1_439' title='bbox 91 4222 179 4282; x_wconf 77' lang='lat' dir='ltr'>&#39;Sient</span> <span class='ocrx_word' id='word_1_440' title='bbox 195 4226 328 4299; x_wconf 72' lang='lat' dir='ltr'>¹iianainna</span> <span class='ocrx_word' id='word_1_441' title='bbox 349 4235 444 4287; x_wconf 67' lang='lat' dir='ltr'>eamr</span> <span class='ocrx_word' id='word_1_442' title='bbox 464 4228 541 4286; x_wconf 84' lang='lat' dir='ltr'>leena</span> <span class='ocrx_word' id='word_1_443' title='bbox 563 4229 686 4289; x_wconf 80' lang='lat' dir='ltr'>Cbriatna</span> <span class='ocrx_word' id='word_1_444' title='bbox 708 4231 774 4289; x_wconf 80' lang='lat' dir='ltr'>iecit</span> <span class='ocrx_word' id='word_1_445' title='bbox 793 4233 935 4308; x_wconf 85' lang='lat' dir='ltr'>dieeipuiia</span> <span class='ocrx_word' id='word_1_446' title='bbox 954 4234 1027 4303; x_wconf 71' lang='lat' dir='ltr'>anis:</span> <span class='ocrx_word' id='word_1_447' title='bbox 1052 4241 1082 4291; x_wconf 86' lang='lat' dir='ltr'>tn</span> <span class='ocrx_word' id='word_1_448' title='bbox 1103 4237 1191 4301; x_wconf 73' lang='lat' dir='ltr'>iaeiea</span> <span class='ocrx_word' id='word_1_449' title='bbox 1211 4239 1368 4317; x_wconf 79' lang='lat' dir='ltr'>inaapitibee</span> <span class='ocrx_word' id='word_1_450' title='bbox 1381 4252 1408 4299; x_wconf 82' lang='lat' dir='ltr'>ae</span> 
     </span>
     <span class='ocr_line' id='line_1_43' title="bbox 103 4311 940 4395; baseline 0.005 -27"><span class='ocrx_word' id='word_1_451' title='bbox 103 4311 429 4395; x_wconf 63' lang='lat' dir='ltr'>mmmmmanmneaa</span> <span class='ocrx_word' id='word_1_452' title='bbox 446 4312 689 4372; x_wconf 64' lang='lat' dir='ltr'>namnetorum.</span> <span class='ocrx_word' id='word_1_453' title='bbox 727 4336 732 4345; x_wconf 92' lang='lat'><em>·</em></span> <span class='ocrx_word' id='word_1_454' title='bbox 933 4319 940 4331; x_wconf 84' lang='lat'><em>&#39;</em></span> 
     </span>
    </p>
   </div>
   <div class='ocr_carea' id='block_1_11' title="bbox 627 4464 875 4475">
    <p class='ocr_par' dir='ltr' id='par_1_11' title="bbox 627 4464 875 4475">
     <span class='ocr_line' id='line_1_44' title="bbox 627 4464 875 4475; baseline -0.004 0"><span class='ocrx_word' id='word_1_455' title='bbox 627 4464 630 4469; x_wconf 85' lang='lat'><strong>¹</strong></span> <span class='ocrx_word' id='word_1_456' title='bbox 639 4465 875 4475; x_wconf 62' lang='lat'><em>.-·-——-—·-</em></span> 
     </span>
    </p>
   </div>
   <div class='ocr_carea' id='block_1_12' title="bbox 989 4506 1301 4545">
    <p class='ocr_par' dir='ltr' id='par_1_12' title="bbox 989 4506 1301 4545">
     <span class='ocr_line' id='line_1_45' title="bbox 989 4506 1301 4545; baseline -0.013 -10"><span class='ocrx_word' id='word_1_457' title='bbox 989 4506 1301 4545; x_wconf 61' lang='lat' dir='ltr'>.,q.</span> 
     </span>
    </p>
   </div>
   <div class='ocr_carea' id='block_1_13' title="bbox 0 0 1528 4942">
    <p class='ocr_par' dir='ltr' id='par_1_13' title="bbox 0 0 1528 4942">
     <span class='ocr_line' id='line_1_46' title="bbox 0 0 1528 4942; baseline 0 0"><span class='ocrx_word' id='word_1_458' title='bbox 0 0 1528 4942; x_wconf 95' lang='lat' dir='ltr'> </span> 
     </span>
    </p>
   </div>
  </div>
 </body>
</html>
