<?xml version="1.0" encoding="UTF-8"?>
<!DOCTYPE html PUBLIC "-//W3C//DTD XHTML 1.0 Transitional//EN"
    "http://www.w3.org/TR/xhtml1/DTD/xhtml1-transitional.dtd">
<html xmlns="http://www.w3.org/1999/xhtml" xml:lang="en" lang="en">
 <head>
  <title>
</title>
<meta http-equiv="Content-Type" content="text/html;charset=utf-8" />
  <meta name='ocr-system' content='tesseract 3.04.00' />
  <meta name='ocr-capabilities' content='ocr_page ocr_carea ocr_par ocr_line ocrx_word'/>
</head>
<body>
  <div class='ocr_page' id='page_1' title='image "./codexliturgicus03danigoog_0447.png"; bbox 0 0 3046 4942; ppageno 0'>
   <div class='ocr_carea' id='block_1_1' title="bbox 668 342 800 414">
    <p class='ocr_par' dir='ltr' id='par_1_1' title="bbox 668 342 800 414">
     <span class='ocr_line' id='line_1_1' title="bbox 668 342 800 414; baseline -0.008 0"><span class='ocrx_word' id='word_1_1' title='bbox 668 342 800 414; x_wconf 73' lang='lat'>-428</span> 
     </span>
    </p>
   </div>
   <div class='ocr_carea' id='block_1_2' title="bbox 32 533 1398 3272">
    <p class='ocr_par' dir='ltr' id='par_1_2' title="bbox 103 533 1398 1335">
     <span class='ocr_line' id='line_1_2' title="bbox 105 533 1398 624; baseline -0.002 -22"><span class='ocrx_word' id='word_1_2' title='bbox 105 559 201 624; x_wconf 73' lang='lat' dir='ltr'><strong>prope</strong></span> <span class='ocrx_word' id='word_1_3' title='bbox 217 540 313 602; x_wconf 86' lang='lat' dir='ltr'><strong>altare</strong></span> <span class='ocrx_word' id='word_1_4' title='bbox 332 547 364 600; x_wconf 88' lang='lat' dir='ltr'><strong>et</strong></span> <span class='ocrx_word' id='word_1_5' title='bbox 382 537 440 599; x_wconf 89' lang='lat' dir='ltr'><strong>nisi</strong></span> <span class='ocrx_word' id='word_1_6' title='bbox 459 539 498 600; x_wconf 90' lang='lat' dir='ltr'><strong>sit</strong></span> <span class='ocrx_word' id='word_1_7' title='bbox 518 536 685 599; x_wconf 87' lang='lat' dir='ltr'><strong>coronanda</strong></span> <span class='ocrx_word' id='word_1_8' title='bbox 703 539 808 617; x_wconf 85' lang='lat' dir='ltr'><strong>regina</strong></span> <span class='ocrx_word' id='word_1_9' title='bbox 826 536 932 600; x_wconf 88' lang='lat' dir='ltr'><strong>dicitur</strong></span> <span class='ocrx_word' id='word_1_10' title='bbox 943 533 1071 598; x_wconf 75' lang='lat' dir='ltr'><strong>Alleluia</strong></span> <span class='ocrx_word' id='word_1_11' title='bbox 1092 536 1161 598; x_wconf 83' lang='lat' dir='ltr'><strong>sire</strong></span> <span class='ocrx_word' id='word_1_12' title='bbox 1173 536 1295 599; x_wconf 88' lang='lat' dir='ltr'><strong>ultimus</strong></span> <span class='ocrx_word' id='word_1_13' title='bbox 1308 555 1398 599; x_wconf 82' lang='lat' dir='ltr'><strong>aeram</strong></span> 
     </span>
     <span class='ocr_line' id='line_1_3' title="bbox 106 634 1397 722; baseline -0.004 -15"><span class='ocrx_word' id='word_1_14' title='bbox 106 644 231 708; x_wconf 79' lang='lat' dir='ltr'><strong>Tractus</strong></span> <span class='ocrx_word' id='word_1_15' title='bbox 249 642 299 703; x_wconf 80' lang='lat' dir='ltr'><strong>rel</strong></span> <span class='ocrx_word' id='word_1_16' title='bbox 313 642 512 722; x_wconf 67' lang='lat' dir='ltr'><strong>dementiae,</strong></span> <span class='ocrx_word' id='word_1_17' title='bbox 529 634 741 719; x_wconf 80' lang='lat' dir='ltr'><strong>Evangelinm,</strong></span> <span class='ocrx_word' id='word_1_18' title='bbox 761 649 792 702; x_wconf 90' lang='lat' dir='ltr'><strong>ct</strong></span> <span class='ocrx_word' id='word_1_19' title='bbox 804 639 862 703; x_wconf 89' lang='lat' dir='ltr'><strong>alia</strong></span> <span class='ocrx_word' id='word_1_20' title='bbox 882 657 976 720; x_wconf 85' lang='lat' dir='ltr'><strong>usque</strong></span> <span class='ocrx_word' id='word_1_21' title='bbox 999 638 1035 701; x_wconf 88' lang='lat' dir='ltr'><strong>ad</strong></span> <span class='ocrx_word' id='word_1_22' title='bbox 1050 637 1245 701; x_wconf 78' lang='lat' dir='ltr'><strong>Odertoriam</strong></span> <span class='ocrx_word' id='word_1_23' title='bbox 1260 641 1397 702; x_wconf 84' lang='lat' dir='ltr'><strong>inclueira</strong></span> 
     </span>
     <span class='ocr_line' id='line_1_4' title="bbox 105 742 1398 824; baseline -0.002 -17"><span class='ocrx_word' id='word_1_24' title='bbox 105 746 172 821; x_wconf 80' lang='lat' dir='ltr'><strong>Quo</strong></span> <span class='ocrx_word' id='word_1_25' title='bbox 186 745 266 807; x_wconf 87' lang='lat' dir='ltr'><strong>dioto</strong></span> <span class='ocrx_word' id='word_1_26' title='bbox 273 743 517 824; x_wconf 73' lang='lat' dir='ltr'><strong>Metropolitanus</strong></span> <span class='ocrx_word' id='word_1_27' title='bbox 532 742 643 804; x_wconf 84' lang='lat' dir='ltr'><strong>residet</strong></span> <span class='ocrx_word' id='word_1_28' title='bbox 655 744 685 804; x_wconf 96' lang='lat' dir='ltr'><strong>in</strong></span> <span class='ocrx_word' id='word_1_29' title='bbox 701 743 867 805; x_wconf 88' lang='lat' dir='ltr'><strong>laldistorin</strong></span> <span class='ocrx_word' id='word_1_30' title='bbox 880 760 933 805; x_wconf 84' lang='lat' dir='ltr'><strong>ssu</strong></span> <span class='ocrx_word' id='word_1_31' title='bbox 948 750 1017 804; x_wconf 87' lang='lat' dir='ltr'><strong>ante</strong></span> <span class='ocrx_word' id='word_1_32' title='bbox 1031 742 1157 804; x_wconf 88' lang='lat' dir='ltr'><strong>medinm</strong></span> <span class='ocrx_word' id='word_1_33' title='bbox 1172 743 1277 806; x_wconf 78' lang='lat' dir='ltr'><strong>altario</strong></span> <span class='ocrx_word' id='word_1_34' title='bbox 1287 745 1398 804; x_wconf 76' lang='lat' dir='ltr'><strong>euml·</strong></span> 
     </span>
     <span class='ocr_line' id='line_1_5' title="bbox 103 843 1396 927; baseline -0.002 -17"><span class='ocrx_word' id='word_1_35' title='bbox 103 853 150 911; x_wconf 87' lang='lat' dir='ltr'><strong>tra</strong></span> <span class='ocrx_word' id='word_1_36' title='bbox 169 855 200 908; x_wconf 88' lang='lat' dir='ltr'><strong>et</strong></span> <span class='ocrx_word' id='word_1_37' title='bbox 213 847 278 909; x_wconf 77' lang='lat' dir='ltr'><strong>ilex</strong></span> <span class='ocrx_word' id='word_1_38' title='bbox 297 865 315 908; x_wconf 84' lang='lat' dir='ltr'><strong>a</strong></span> <span class='ocrx_word' id='word_1_39' title='bbox 335 847 396 907; x_wconf 87' lang='lat' dir='ltr'><strong>suis</strong></span> <span class='ocrx_word' id='word_1_40' title='bbox 410 846 550 907; x_wconf 86' lang='lat' dir='ltr'><strong>Praelatis</strong></span> <span class='ocrx_word' id='word_1_41' title='bbox 570 855 602 906; x_wconf 88' lang='lat' dir='ltr'><strong>et</strong></span> <span class='ocrx_word' id='word_1_42' title='bbox 614 845 779 907; x_wconf 74' lang='lat' dir='ltr'>Batonibus</span> <span class='ocrx_word' id='word_1_43' title='bbox 789 846 952 909; x_wconf 73' lang='lat' dir='ltr'><strong>associatus</strong></span> <span class='ocrx_word' id='word_1_44' title='bbox 966 845 1049 905; x_wconf 77' lang='lat' dir='ltr'><strong>veuit</strong></span> <span class='ocrx_word' id='word_1_45' title='bbox 1063 854 1135 906; x_wconf 87' lang='lat' dir='ltr'><strong>ante</strong></span> <span class='ocrx_word' id='word_1_46' title='bbox 1151 843 1396 927; x_wconf 80' lang='lat' dir='ltr'><strong>lletropolitaarn</strong></span> 
     </span>
     <span class='ocr_line' id='line_1_6' title="bbox 105 947 1394 1030; baseline 0 -20"><span class='ocrx_word' id='word_1_47' title='bbox 105 967 163 1030; x_wconf 87' lang='lat' dir='ltr'><strong>qua</strong></span> <span class='ocrx_word' id='word_1_48' title='bbox 178 949 370 1027; x_wconf 80' lang='lat' dir='ltr'><strong>genuflexus,</strong></span> <span class='ocrx_word' id='word_1_49' title='bbox 386 948 504 1010; x_wconf 87' lang='lat' dir='ltr'><strong>detecto</strong></span> <span class='ocrx_word' id='word_1_50' title='bbox 518 950 626 1028; x_wconf 89' lang='lat' dir='ltr'><strong>cupite,</strong></span> <span class='ocrx_word' id='word_1_51' title='bbox 639 947 728 1023; x_wconf 82' lang='lat' dir='ltr'><strong>odert</strong></span> <span class='ocrx_word' id='word_1_52' title='bbox 744 950 773 1011; x_wconf 87' lang='lat' dir='ltr'><strong>ei</strong></span> <span class='ocrx_word' id='word_1_53' title='bbox 786 966 902 1023; x_wconf 80' lang='lat' dir='ltr'><strong>nomm,</strong></span> <span class='ocrx_word' id='word_1_54' title='bbox 917 956 1052 1028; x_wconf 87' lang='lat' dir='ltr'><strong>quantum</strong></span> <span class='ocrx_word' id='word_1_55' title='bbox 1066 947 1124 1009; x_wconf 80' lang='lat' dir='ltr'><strong>siti</strong></span> <span class='ocrx_word' id='word_1_56' title='bbox 1140 947 1244 1028; x_wconf 88' lang='lat' dir='ltr'><strong>placet</strong></span> <span class='ocrx_word' id='word_1_57' title='bbox 1259 959 1289 1010; x_wconf 86' lang='lat' dir='ltr'><strong>et</strong></span> <span class='ocrx_word' id='word_1_58' title='bbox 1299 966 1394 1010; x_wconf 87' lang='lat' dir='ltr'><strong>nanum</strong></span> 
     </span>
     <span class='ocr_line' id='line_1_7' title="bbox 103 1049 1393 1132; baseline -0.001 -19"><span class='ocrx_word' id='word_1_59' title='bbox 103 1050 324 1132; x_wconf 75' lang='lat' dir='ltr'><strong>Metropolitani</strong></span> <span class='ocrx_word' id='word_1_60' title='bbox 345 1052 515 1131; x_wconf 86' lang='lat' dir='ltr'><strong>recipientis</strong></span> <span class='ocrx_word' id='word_1_61' title='bbox 536 1050 693 1112; x_wconf 86' lang='lat' dir='ltr'><strong>osculatur.</strong></span> <span class='ocrx_word' id='word_1_62' title='bbox 731 1050 847 1112; x_wconf 82' lang='lat' dir='ltr'>Deinde</span> <span class='ocrx_word' id='word_1_63' title='bbox 867 1049 903 1111; x_wconf 88' lang='lat' dir='ltr'><strong>ad</strong></span> <span class='ocrx_word' id='word_1_64' title='bbox 924 1049 1029 1114; x_wconf 87' lang='lat' dir='ltr'><strong>solium</strong></span> <span class='ocrx_word' id='word_1_65' title='bbox 1043 1068 1127 1111; x_wconf 85' lang='lat' dir='ltr'><strong>snum</strong></span> <span class='ocrx_word' id='word_1_66' title='bbox 1141 1053 1313 1114; x_wconf 77' lang='lat' dir='ltr'><strong>revertitur.</strong></span> <span class='ocrx_word' id='word_1_67' title='bbox 1348 1049 1393 1112; x_wconf 74' lang='lat' dir='ltr'><strong>de</strong></span> 
     </span>
     <span class='ocr_line' id='line_1_8' title="bbox 105 1151 1394 1236; baseline -0.001 -21"><span class='ocrx_word' id='word_1_68' title='bbox 105 1154 301 1235; x_wconf 85' lang='lat' dir='ltr'><strong>tropolitanus</strong></span> <span class='ocrx_word' id='word_1_69' title='bbox 313 1155 392 1214; x_wconf 78' lang='lat' dir='ltr'><strong>leret</strong></span> <span class='ocrx_word' id='word_1_70' title='bbox 404 1171 504 1213; x_wconf 87' lang='lat' dir='ltr'><strong>manns</strong></span> <span class='ocrx_word' id='word_1_71' title='bbox 517 1170 702 1235; x_wconf 75' lang='lat' dir='ltr'><strong>surgensque</strong></span> <span class='ocrx_word' id='word_1_72' title='bbox 716 1152 830 1214; x_wconf 90' lang='lat' dir='ltr'><strong>accedit</strong></span> <span class='ocrx_word' id='word_1_73' title='bbox 843 1151 879 1213; x_wconf 88' lang='lat' dir='ltr'><strong>ad</strong></span> <span class='ocrx_word' id='word_1_74' title='bbox 892 1151 983 1213; x_wconf 88' lang='lat' dir='ltr'><strong>altere</strong></span> <span class='ocrx_word' id='word_1_75' title='bbox 993 1155 1187 1234; x_wconf 84' lang='lat' dir='ltr'><strong>prosequitur</strong></span> <span class='ocrx_word' id='word_1_76' title='bbox 1193 1154 1312 1216; x_wconf 74' lang='lat' dir='ltr'><strong>idiosum</strong></span> <span class='ocrx_word' id='word_1_77' title='bbox 1320 1172 1394 1236; x_wconf 83' lang='lat' dir='ltr'><strong>nsque</strong></span> 
     </span>
     <span class='ocr_line' id='line_1_9' title="bbox 105 1253 1162 1335; baseline 0.003 -19"><span class='ocrx_word' id='word_1_78' title='bbox 105 1255 142 1316; x_wconf 89' lang='lat' dir='ltr'><strong>ad</strong></span> <span class='ocrx_word' id='word_1_79' title='bbox 156 1254 404 1318; x_wconf 79' lang='lat' dir='ltr'><strong>communionem.</strong></span> <span class='ocrx_word' id='word_1_80' title='bbox 444 1253 515 1316; x_wconf 81' lang='lat' dir='ltr'><strong>(lum</strong></span> <span class='ocrx_word' id='word_1_81' title='bbox 529 1257 650 1316; x_wconf 86' lang='lat' dir='ltr'><strong>Secreta</strong></span> <span class='ocrx_word' id='word_1_82' title='bbox 664 1255 730 1316; x_wconf 87' lang='lat' dir='ltr'><strong>Diei</strong></span> <span class='ocrx_word' id='word_1_83' title='bbox 744 1256 849 1317; x_wconf 88' lang='lat' dir='ltr'><strong>dicitnr</strong></span> <span class='ocrx_word' id='word_1_84' title='bbox 861 1273 916 1335; x_wconf 90' lang='lat' dir='ltr'><strong>pro</strong></span> <span class='ocrx_word' id='word_1_85' title='bbox 931 1272 1005 1332; x_wconf 85' lang='lat' dir='ltr'><strong>rege</strong></span> <span class='ocrx_word' id='word_1_86' title='bbox 1017 1255 1070 1315; x_wconf 85' lang='lat' dir='ltr'><strong>sub</strong></span> <span class='ocrx_word' id='word_1_87' title='bbox 1084 1274 1162 1318; x_wconf 84' lang='lat' dir='ltr'><strong>nna:</strong></span> 
     </span>
    </p>

    <p class='ocr_par' dir='ltr' id='par_1_3' title="bbox 32 1346 1392 1750">
     <span class='ocr_line' id='line_1_10' title="bbox 207 1346 1392 1443; baseline -0.002 -22"><span class='ocrx_word' id='word_1_88' title='bbox 207 1346 350 1421; x_wconf 86' lang='lat' dir='ltr'><strong>Munera</strong></span> <span class='ocrx_word' id='word_1_89' title='bbox 371 1369 576 1443; x_wconf 84' lang='lat' dir='ltr'><strong>quaesumus</strong></span> <span class='ocrx_word' id='word_1_90' title='bbox 593 1347 753 1438; x_wconf 79' lang='lat' dir='ltr'><strong>Domine,</strong></span> <span class='ocrx_word' id='word_1_91' title='bbox 774 1349 886 1420; x_wconf 90' lang='lat' dir='ltr'><strong>obluta</strong></span> <span class='ocrx_word' id='word_1_92' title='bbox 907 1346 1091 1436; x_wconf 85' lang='lat' dir='ltr'><strong>sanctifica,</strong></span> <span class='ocrx_word' id='word_1_93' title='bbox 1111 1360 1149 1420; x_wconf 92' lang='lat' dir='ltr'><strong>nt</strong></span> <span class='ocrx_word' id='word_1_94' title='bbox 1171 1359 1210 1420; x_wconf 89' lang='lat' dir='ltr'><strong>et</strong></span> <span class='ocrx_word' id='word_1_95' title='bbox 1225 1349 1321 1425; x_wconf 87' lang='lat' dir='ltr'><strong>nobis</strong></span> <span class='ocrx_word' id='word_1_96' title='bbox 1335 1351 1392 1421; x_wconf 88' lang='lat' dir='ltr'><strong>uni·</strong></span> 
     </span>
     <span class='ocr_line' id='line_1_11' title="bbox 60 1449 1390 1546; baseline 0.001 -25"><span class='ocrx_word' id='word_1_97' title='bbox 60 1452 63 1459; x_wconf 81' lang='grc'>’</span> <span class='ocrx_word' id='word_1_98' title='bbox 106 1453 213 1546; x_wconf 91' lang='lat' dir='ltr'><strong>geniti</strong></span> <span class='ocrx_word' id='word_1_99' title='bbox 231 1452 279 1522; x_wconf 91' lang='lat' dir='ltr'><strong>tui</strong></span> <span class='ocrx_word' id='word_1_100' title='bbox 299 1472 424 1546; x_wconf 88' lang='lat' dir='ltr'><strong>corpus</strong></span> <span class='ocrx_word' id='word_1_101' title='bbox 447 1460 481 1522; x_wconf 87' lang='lat' dir='ltr'><strong>et</strong></span> <span class='ocrx_word' id='word_1_102' title='bbox 501 1454 640 1542; x_wconf 89' lang='lat' dir='ltr'><strong>sanguis</strong></span> <span class='ocrx_word' id='word_1_103' title='bbox 659 1449 739 1523; x_wconf 81' lang='lat' dir='ltr'><strong>liant</strong></span> <span class='ocrx_word' id='word_1_104' title='bbox 758 1460 793 1521; x_wconf 89' lang='lat' dir='ltr'><strong>et</strong></span> <span class='ocrx_word' id='word_1_105' title='bbox 811 1452 889 1542; x_wconf 85' lang='lat' dir='ltr'><strong>regi</strong></span> <span class='ocrx_word' id='word_1_106' title='bbox 908 1460 1027 1523; x_wconf 88' lang='lat' dir='ltr'><strong>nostro</strong></span> <span class='ocrx_word' id='word_1_107' title='bbox 1045 1452 1089 1521; x_wconf 91' lang='lat' dir='ltr'><strong>ad</strong></span> <span class='ocrx_word' id='word_1_108' title='bbox 1105 1451 1323 1525; x_wconf 85' lang='lat' dir='ltr'><strong>obtinendam</strong></span> <span class='ocrx_word' id='word_1_109' title='bbox 1336 1454 1390 1522; x_wconf 76' lang='lat' dir='ltr'><strong>ani</strong></span> 
     </span>
     <span class='ocr_line' id='line_1_12' title="bbox 106 1552 1392 1649; baseline 0.002 -25"><span class='ocrx_word' id='word_1_110' title='bbox 106 1575 182 1625; x_wconf 86' lang='lat' dir='ltr'><strong>mae</strong></span> <span class='ocrx_word' id='word_1_111' title='bbox 207 1554 430 1649; x_wconf 84' lang='lat' dir='ltr'><strong>corporisque</strong></span> <span class='ocrx_word' id='word_1_112' title='bbox 442 1552 593 1626; x_wconf 83' lang='lat' dir='ltr'><strong>-salntem</strong></span> <span class='ocrx_word' id='word_1_113' title='bbox 614 1562 649 1625; x_wconf 89' lang='lat' dir='ltr'><strong>et</strong></span> <span class='ocrx_word' id='word_1_114' title='bbox 672 1552 717 1624; x_wconf 91' lang='lat' dir='ltr'><strong>ad</strong></span> <span class='ocrx_word' id='word_1_115' title='bbox 737 1552 969 1649; x_wconf 87' lang='lat' dir='ltr'><strong>peragendum</strong></span> <span class='ocrx_word' id='word_1_116' title='bbox 991 1556 1167 1627; x_wconf 85' lang='lat' dir='ltr'><strong>inunctum</strong></span> <span class='ocrx_word' id='word_1_117' title='bbox 1194 1553 1392 1644; x_wconf 76' lang='lat' dir='ltr'><strong>officinmte</strong></span> 
     </span>
     <span class='ocr_line' id='line_1_13' title="bbox 32 1637 1061 1750; baseline 0.006 -29"><span class='ocrx_word' id='word_1_118' title='bbox 32 1700 38 1721; x_wconf 50' lang='lat' dir='ltr'><strong>t</strong></span> <span class='ocrx_word' id='word_1_119' title='bbox 107 1655 288 1749; x_wconf 76' lang='lat' dir='ltr'><strong>largiente,</strong></span> <span class='ocrx_word' id='word_1_120' title='bbox 312 1676 557 1750; x_wconf 72' lang='lat' dir='ltr'><strong>usquequaque</strong></span> <span class='ocrx_word' id='word_1_121' title='bbox 577 1637 764 1750; x_wconf 75' lang='lat' dir='ltr'><strong>prodoiant</strong></span> <span class='ocrx_word' id='word_1_122' title='bbox 817 1654 884 1728; x_wconf 86' lang='lat' dir='ltr'><strong>Per</strong></span> <span class='ocrx_word' id='word_1_123' title='bbox 906 1654 1061 1732; x_wconf 89' lang='lat' dir='ltr'><strong>eundem.</strong></span> 
     </span>
    </p>

    <p class='ocr_par' dir='ltr' id='par_1_4' title="bbox 66 1765 1397 2662">
     <span class='ocr_line' id='line_1_14' title="bbox 209 1765 1394 1848; baseline 0.002 -21"><span class='ocrx_word' id='word_1_124' title='bbox 209 1766 270 1827; x_wconf 78' lang='lat' dir='ltr'><strong>Pax</strong></span> <span class='ocrx_word' id='word_1_125' title='bbox 290 1765 373 1828; x_wconf 89' lang='lat' dir='ltr'><strong>datur</strong></span> <span class='ocrx_word' id='word_1_126' title='bbox 392 1767 457 1844; x_wconf 89' lang='lat' dir='ltr'><strong>regi</strong></span> <span class='ocrx_word' id='word_1_127' title='bbox 476 1785 532 1847; x_wconf 91' lang='lat' dir='ltr'><strong>per</strong></span> <span class='ocrx_word' id='word_1_128' title='bbox 550 1768 672 1847; x_wconf 88' lang='lat' dir='ltr'><strong>primum</strong></span> <span class='ocrx_word' id='word_1_129' title='bbox 687 1785 725 1828; x_wconf 80' lang='lat' dir='ltr'><strong>ex</strong></span> <span class='ocrx_word' id='word_1_130' title='bbox 738 1765 876 1848; x_wconf 88' lang='lat' dir='ltr'><strong>praelatis</strong></span> <span class='ocrx_word' id='word_1_131' title='bbox 891 1769 1000 1847; x_wconf 86' lang='lat' dir='ltr'><strong>paratis</strong></span> <span class='ocrx_word' id='word_1_132' title='bbox 1013 1785 1078 1830; x_wconf 88' lang='lat' dir='ltr'><strong>cum</strong></span> <span class='ocrx_word' id='word_1_133' title='bbox 1091 1769 1292 1831; x_wconf 78' lang='lat' dir='ltr'><strong>instrumento</strong></span> <span class='ocrx_word' id='word_1_134' title='bbox 1305 1770 1338 1831; x_wconf 87' lang='lat' dir='ltr'><strong>ad</strong></span> <span class='ocrx_word' id='word_1_135' title='bbox 1350 1769 1394 1830; x_wconf 85' lang='lat' dir='ltr'><strong>loe</strong></span> 
     </span>
     <span class='ocr_line' id='line_1_15' title="bbox 107 1867 1394 1953; baseline 0 -21"><span class='ocrx_word' id='word_1_136' title='bbox 107 1869 252 1932; x_wconf 87' lang='lat' dir='ltr'><strong>ordinato.</strong></span> <span class='ocrx_word' id='word_1_137' title='bbox 291 1868 448 1950; x_wconf 86' lang='lat' dir='ltr'><strong>Postquam</strong></span> <span class='ocrx_word' id='word_1_138' title='bbox 460 1867 702 1950; x_wconf 75' lang='lat' dir='ltr'><strong>Metropolitanus</strong></span> <span class='ocrx_word' id='word_1_139' title='bbox 715 1868 804 1930; x_wconf 75' lang='lat' dir='ltr'><strong>se&#39;de</strong></span> <span class='ocrx_word' id='word_1_140' title='bbox 814 1887 939 1950; x_wconf 88' lang='lat' dir='ltr'><strong>corpure</strong></span> <span class='ocrx_word' id='word_1_141' title='bbox 954 1877 985 1930; x_wconf 91' lang='lat' dir='ltr'><strong>et</strong></span> <span class='ocrx_word' id='word_1_142' title='bbox 996 1871 1143 1949; x_wconf 84' lang='lat' dir='ltr'><strong>sangnine</strong></span> <span class='ocrx_word' id='word_1_143' title='bbox 1157 1889 1244 1953; x_wconf 87' lang='lat' dir='ltr'><strong>quem</strong></span> <span class='ocrx_word' id='word_1_144' title='bbox 1259 1881 1345 1933; x_wconf 86' lang='lat' dir='ltr'><strong>tutum</strong></span> <span class='ocrx_word' id='word_1_145' title='bbox 1356 1890 1394 1932; x_wconf 88' lang='lat' dir='ltr'><strong>su·</strong></span> 
     </span>
     <span class='ocr_line' id='line_1_16' title="bbox 107 1969 1394 2052; baseline 0 -18"><span class='ocrx_word' id='word_1_146' title='bbox 107 1990 188 2035; x_wconf 88' lang='lat' dir='ltr'><strong>mere</strong></span> <span class='ocrx_word' id='word_1_147' title='bbox 201 1969 306 2047; x_wconf 88' lang='lat' dir='ltr'><strong>debet,</strong></span> <span class='ocrx_word' id='word_1_148' title='bbox 324 1972 567 2048; x_wconf 77' lang='lat' dir='ltr'><strong>comunicaverit,</strong></span> <span class='ocrx_word' id='word_1_149' title='bbox 585 1989 656 2047; x_wconf 87' lang='lat' dir='ltr'><strong>rex,</strong></span> <span class='ocrx_word' id='word_1_150' title='bbox 671 1971 788 2033; x_wconf 82' lang='lat' dir='ltr'><strong>detecto</strong></span> <span class='ocrx_word' id='word_1_151' title='bbox 803 1972 916 2052; x_wconf 87' lang='lat' dir='ltr'><strong>capite,</strong></span> <span class='ocrx_word' id='word_1_152' title='bbox 930 1971 967 2033; x_wconf 92' lang='lat' dir='ltr'><strong>de</strong></span> <span class='ocrx_word' id='word_1_153' title='bbox 981 1972 1108 2034; x_wconf 85' lang='lat' dir='ltr'><strong>thalamo</strong></span> <span class='ocrx_word' id='word_1_154' title='bbox 1122 1992 1180 2036; x_wconf 83' lang='lat' dir='ltr'><strong>suo</strong></span> <span class='ocrx_word' id='word_1_155' title='bbox 1193 1975 1308 2036; x_wconf 85' lang='lat' dir='ltr'><strong>aceedit</strong></span> <span class='ocrx_word' id='word_1_156' title='bbox 1318 1974 1350 2034; x_wconf 86' lang='lat' dir='ltr'><strong>ad</strong></span> <span class='ocrx_word' id='word_1_157' title='bbox 1361 1973 1394 2035; x_wconf 90' lang='lat' dir='ltr'><strong>al·</strong></span> 
     </span>
     <span class='ocr_line' id='line_1_17' title="bbox 106 2071 1397 2156; baseline 0.002 -22"><span class='ocrx_word' id='word_1_158' title='bbox 106 2082 188 2149; x_wconf 89' lang='lat' dir='ltr'><strong>ture,</strong></span> <span class='ocrx_word' id='word_1_159' title='bbox 206 2089 307 2133; x_wconf 86' lang='lat' dir='ltr'><strong>corum</strong></span> <span class='ocrx_word' id='word_1_160' title='bbox 328 2088 386 2150; x_wconf 90' lang='lat' dir='ltr'><strong>qao</strong></span> <span class='ocrx_word' id='word_1_161' title='bbox 407 2071 436 2130; x_wconf 92' lang='lat' dir='ltr'><strong>in</strong></span> <span class='ocrx_word' id='word_1_162' title='bbox 449 2089 587 2150; x_wconf 80' lang='lat' dir='ltr'><strong>supremo</strong></span> <span class='ocrx_word' id='word_1_163' title='bbox 602 2072 694 2148; x_wconf 80' lang='lat' dir='ltr'><strong>gradu</strong></span> <span class='ocrx_word' id='word_1_164' title='bbox 707 2072 879 2150; x_wconf 78' lang='lat' dir='ltr'><strong>genuflectit</strong></span> <span class='ocrx_word' id='word_1_165' title='bbox 893 2083 924 2134; x_wconf 88' lang='lat' dir='ltr'><strong>et</strong></span> <span class='ocrx_word' id='word_1_166' title='bbox 935 2073 1183 2156; x_wconf 66' lang='lat' dir='ltr'><strong>Metropolitum</strong></span> <span class='ocrx_word' id='word_1_167' title='bbox 1197 2094 1353 2139; x_wconf 75' lang='lat' dir='ltr'><strong>renuerem</strong></span> <span class='ocrx_word' id='word_1_168' title='bbox 1365 2075 1397 2137; x_wconf 86' lang='lat' dir='ltr'><strong>ad</strong></span> 
     </span>
     <span class='ocr_line' id='line_1_18' title="bbox 107 2171 1395 2254; baseline 0.004 -20"><span class='ocrx_word' id='word_1_169' title='bbox 107 2173 221 2251; x_wconf 83' lang='lat' dir='ltr'><strong>Regem</strong></span> <span class='ocrx_word' id='word_1_170' title='bbox 232 2174 327 2252; x_wconf 90' lang='lat' dir='ltr'><strong>ipsum</strong></span> <span class='ocrx_word' id='word_1_171' title='bbox 341 2172 541 2233; x_wconf 83' lang='lat' dir='ltr'><strong>eommunicet.</strong></span> <span class='ocrx_word' id='word_1_172' title='bbox 580 2171 646 2233; x_wconf 86' lang='lat' dir='ltr'><strong>ilex</strong></span> <span class='ocrx_word' id='word_1_173' title='bbox 659 2174 824 2254; x_wconf 87' lang='lat' dir='ltr'><strong>priusquam</strong></span> <span class='ocrx_word' id='word_1_174' title='bbox 837 2179 1069 2238; x_wconf 87' lang='lat' dir='ltr'><strong>communionem</strong></span> <span class='ocrx_word' id='word_1_175' title='bbox 1080 2179 1333 2241; x_wconf 84' lang='lat' dir='ltr'><strong>sumatuseulatnr</strong></span> <span class='ocrx_word' id='word_1_176' title='bbox 1342 2197 1395 2239; x_wconf 86' lang='lat' dir='ltr'><strong>ma·</strong></span> 
     </span>
     <span class='ocr_line' id='line_1_19' title="bbox 108 2272 1395 2362; baseline 0.004 -26"><span class='ocrx_word' id='word_1_177' title='bbox 108 2294 176 2336; x_wconf 88' lang='lat' dir='ltr'><strong>num</strong></span> <span class='ocrx_word' id='word_1_178' title='bbox 188 2274 327 2336; x_wconf 81' lang='lat' dir='ltr'><strong>¹dextram</strong></span> <span class='ocrx_word' id='word_1_179' title='bbox 341 2272 559 2354; x_wconf 71' lang='lat' dir='ltr'><strong>Metropolitani</strong></span> <span class='ocrx_word' id='word_1_180' title='bbox 580 2283 611 2335; x_wconf 89' lang='lat' dir='ltr'><strong>et</strong></span> <span class='ocrx_word' id='word_1_181' title='bbox 626 2284 716 2335; x_wconf 89' lang='lat' dir='ltr'><strong>sumta</strong></span> <span class='ocrx_word' id='word_1_182' title='bbox 733 2279 935 2338; x_wconf 86' lang='lat' dir='ltr'><strong>communione</strong></span> <span class='ocrx_word' id='word_1_183' title='bbox 950 2298 989 2340; x_wconf 86' lang='lat' dir='ltr'><strong>ex</strong></span> <span class='ocrx_word' id='word_1_184' title='bbox 1002 2280 1096 2343; x_wconf 86' lang='lat' dir='ltr'><strong>culiae</strong></span> <span class='ocrx_word' id='word_1_185' title='bbox 1108 2282 1148 2344; x_wconf 91' lang='lat' dir='ltr'><strong>de</strong></span> <span class='ocrx_word' id='word_1_186' title='bbox 1158 2300 1242 2343; x_wconf 88' lang='lat' dir='ltr'><strong>mann</strong></span> <span class='ocrx_word' id='word_1_187' title='bbox 1252 2281 1395 2362; x_wconf 87' lang='lat' dir='ltr'><strong>dletrapo·</strong></span> 
     </span>
     <span class='ocr_line' id='line_1_20' title="bbox 66 2376 1396 2466; baseline 0.005 -28"><span class='ocrx_word' id='word_1_188' title='bbox 66 2458 69 2463; x_wconf 19' lang='grc' dir='ltr'>ι</span> <span class='ocrx_word' id='word_1_189' title='bbox 107 2377 190 2439; x_wconf 86' lang='lat' dir='ltr'><strong>lltaal</strong></span> <span class='ocrx_word' id='word_1_190' title='bbox 210 2396 244 2438; x_wconf 88' lang='lat' dir='ltr'><strong>se</strong></span> <span class='ocrx_word' id='word_1_191' title='bbox 264 2377 398 2457; x_wconf 87' lang='lat' dir='ltr'><strong>puriilcut</strong></span> <span class='ocrx_word' id='word_1_192' title='bbox 416 2386 447 2439; x_wconf 89' lang='lat' dir='ltr'><strong>et</strong></span> <span class='ocrx_word' id='word_1_193' title='bbox 462 2377 630 2456; x_wconf 80' lang='lat' dir='ltr'><strong>purificatus</strong></span> <span class='ocrx_word' id='word_1_194' title='bbox 644 2377 679 2438; x_wconf 90' lang='lat' dir='ltr'><strong>ad</strong></span> <span class='ocrx_word' id='word_1_195' title='bbox 694 2376 847 2439; x_wconf 85' lang='lat' dir='ltr'><strong>thalamum</strong></span> <span class='ocrx_word' id='word_1_196' title='bbox 859 2398 942 2440; x_wconf 86' lang='lat' dir='ltr'><strong>suurn</strong></span> <span class='ocrx_word' id='word_1_197' title='bbox 955 2385 1125 2451; x_wconf 80' lang='lat' dir='ltr'><strong>reuertitur.</strong></span> <span class='ocrx_word' id='word_1_198' title='bbox 1163 2383 1396 2466; x_wconf 85' lang='lat' dir='ltr'><strong>lletropolitanus</strong></span> 
     </span>
     <span class='ocr_line' id='line_1_21' title="bbox 107 2479 1395 2565; baseline 0.005 -25"><span class='ocrx_word' id='word_1_199' title='bbox 107 2499 181 2543; x_wconf 80' lang='lat' dir='ltr'><strong>reru</strong></span> <span class='ocrx_word' id='word_1_200' title='bbox 201 2479 381 2542; x_wconf 86' lang='lat' dir='ltr'><strong>ablutionem</strong></span> <span class='ocrx_word' id='word_1_201' title='bbox 400 2479 488 2540; x_wconf 88' lang='lat' dir='ltr'><strong>sumit</strong></span> <span class='ocrx_word' id='word_1_202' title='bbox 507 2487 537 2540; x_wconf 89' lang='lat' dir='ltr'><strong>et</strong></span> <span class='ocrx_word' id='word_1_203' title='bbox 556 2489 677 2560; x_wconf 87' lang='lat' dir='ltr'><strong>acceptu</strong></span> <span class='ocrx_word' id='word_1_204' title='bbox 690 2483 773 2542; x_wconf 88' lang='lat' dir='ltr'><strong>mitra</strong></span> <span class='ocrx_word' id='word_1_205' title='bbox 786 2480 865 2542; x_wconf 83' lang='lat' dir='ltr'><strong>lavat</strong></span> <span class='ocrx_word' id='word_1_206' title='bbox 877 2500 977 2544; x_wconf 87' lang='lat' dir='ltr'><strong>manus</strong></span> <span class='ocrx_word' id='word_1_207' title='bbox 990 2493 1022 2545; x_wconf 89' lang='lat' dir='ltr'><strong>et</strong></span> <span class='ocrx_word' id='word_1_208' title='bbox 1034 2486 1154 2565; x_wconf 82' lang='lat' dir='ltr'><strong>perlicit</strong></span> <span class='ocrx_word' id='word_1_209' title='bbox 1166 2486 1291 2549; x_wconf 84' lang='lat' dir='ltr'><strong>llirsam.</strong></span> <span class='ocrx_word' id='word_1_210' title='bbox 1331 2485 1395 2549; x_wconf 83' lang='lat' dir='ltr'><strong>Gan</strong></span> 
     </span>
     <span class='ocr_line' id='line_1_22' title="bbox 107 2581 896 2662; baseline 0.001 -18"><span class='ocrx_word' id='word_1_211' title='bbox 107 2583 385 2646; x_wconf 84' lang='lat' dir='ltr'><strong>Posteommnniuae</strong></span> <span class='ocrx_word' id='word_1_212' title='bbox 399 2581 456 2642; x_wconf 92' lang='lat' dir='ltr'><strong>diei</strong></span> <span class='ocrx_word' id='word_1_213' title='bbox 470 2581 576 2643; x_wconf 86' lang='lat' dir='ltr'><strong>dicitur</strong></span> <span class='ocrx_word' id='word_1_214' title='bbox 590 2601 644 2662; x_wconf 89' lang='lat' dir='ltr'><strong>pro</strong></span> <span class='ocrx_word' id='word_1_215' title='bbox 659 2582 744 2661; x_wconf 86' lang='lat' dir='ltr'><strong>Rege</strong></span> <span class='ocrx_word' id='word_1_216' title='bbox 757 2583 810 2644; x_wconf 90' lang='lat' dir='ltr'><strong>sub</strong></span> <span class='ocrx_word' id='word_1_217' title='bbox 825 2601 896 2645; x_wconf 88' lang='lat' dir='ltr'><strong>una:</strong></span> 
     </span>
    </p>

    <p class='ocr_par' dir='ltr' id='par_1_5' title="bbox 107 2673 1392 3074">
     <span class='ocr_line' id='line_1_23' title="bbox 209 2673 1392 2776; baseline 0.004 -30"><span class='ocrx_word' id='word_1_218' title='bbox 209 2675 304 2746; x_wconf 88' lang='lat' dir='ltr'><strong>Haec</strong></span> <span class='ocrx_word' id='word_1_219' title='bbox 330 2673 474 2744; x_wconf 90' lang='lat' dir='ltr'><strong>Domine</strong></span> <span class='ocrx_word' id='word_1_220' title='bbox 501 2674 627 2745; x_wconf 90' lang='lat' dir='ltr'><strong>oblatio</strong></span> <span class='ocrx_word' id='word_1_221' title='bbox 650 2675 808 2748; x_wconf 86' lang='lat' dir='ltr'><strong>salutaris</strong></span> <span class='ocrx_word' id='word_1_222' title='bbox 830 2675 992 2751; x_wconf 78' lang='lat' dir='ltr'><strong>famulum</strong></span> <span class='ocrx_word' id='word_1_223' title='bbox 1012 2686 1105 2749; x_wconf 88' lang='lat' dir='ltr'><strong>tuum</strong></span> <span class='ocrx_word' id='word_1_224' title='bbox 1128 2678 1169 2751; x_wconf 85' lang='lat' dir='ltr'><strong>N.</strong></span> <span class='ocrx_word' id='word_1_225' title='bbox 1192 2679 1322 2776; x_wconf 85' lang='lat' dir='ltr'><strong>Regem</strong></span> <span class='ocrx_word' id='word_1_226' title='bbox 1340 2702 1392 2751; x_wconf 81' lang='lat' dir='ltr'><strong>no</strong></span> 
     </span>
     <span class='ocr_line' id='line_1_24' title="bbox 107 2775 1391 2880; baseline 0.004 -31"><span class='ocrx_word' id='word_1_227' title='bbox 107 2788 213 2850; x_wconf 90' lang='lat' dir='ltr'><strong>strum</strong></span> <span class='ocrx_word' id='word_1_228' title='bbox 239 2775 280 2846; x_wconf 87' lang='lat' dir='ltr'><strong>ab</strong></span> <span class='ocrx_word' id='word_1_229' title='bbox 308 2775 461 2847; x_wconf 86' lang='lat' dir='ltr'><strong>omnibus</strong></span> <span class='ocrx_word' id='word_1_230' title='bbox 488 2786 621 2847; x_wconf 88' lang='lat' dir='ltr'><strong>tueatur</strong></span> <span class='ocrx_word' id='word_1_231' title='bbox 643 2776 811 2866; x_wconf 84' lang='lat' dir='ltr'><strong>adversis,</strong></span> <span class='ocrx_word' id='word_1_232' title='bbox 838 2789 1004 2872; x_wconf 89' lang='lat' dir='ltr'><strong>quatenus</strong></span> <span class='ocrx_word' id='word_1_233' title='bbox 1020 2779 1290 2855; x_wconf 83' lang='lat' dir='ltr'><strong>Ecclesiastieae</strong></span> <span class='ocrx_word' id='word_1_234' title='bbox 1311 2787 1391 2880; x_wconf 87' lang='lat' dir='ltr'><strong>pacis</strong></span> 
     </span>
     <span class='ocr_line' id='line_1_25' title="bbox 107 2876 1392 2976; baseline 0.007 -28"><span class='ocrx_word' id='word_1_235' title='bbox 107 2876 258 2949; x_wconf 90' lang='lat' dir='ltr'><strong>obtineat</strong></span> <span class='ocrx_word' id='word_1_236' title='bbox 275 2877 547 2970; x_wconf 80' lang='lat' dir='ltr'><strong>tranquillitatem</strong></span> <span class='ocrx_word' id='word_1_237' title='bbox 568 2887 602 2948; x_wconf 91' lang='lat' dir='ltr'><strong>et</strong></span> <span class='ocrx_word' id='word_1_238' title='bbox 628 2889 707 2975; x_wconf 90' lang='lat' dir='ltr'><strong>past</strong></span> <span class='ocrx_word' id='word_1_239' title='bbox 730 2881 826 2955; x_wconf 82' lang='lat' dir='ltr'><strong>istius</strong></span> <span class='ocrx_word' id='word_1_240' title='bbox 845 2884 1007 2976; x_wconf 90' lang='lat' dir='ltr'><strong>temporis</strong></span> <span class='ocrx_word' id='word_1_241' title='bbox 1029 2882 1214 2958; x_wconf 84' lang='lat' dir='ltr'><strong>decursum</strong></span> <span class='ocrx_word' id='word_1_242' title='bbox 1235 2887 1284 2957; x_wconf 92' lang='lat' dir='ltr'><strong>ad</strong></span> <span class='ocrx_word' id='word_1_243' title='bbox 1300 2896 1392 2957; x_wconf 88' lang='lat' dir='ltr'><strong>aeter·</strong></span> 
     </span>
     <span class='ocr_line' id='line_1_26' title="bbox 107 2978 905 3074; baseline 0.005 -25"><span class='ocrx_word' id='word_1_244' title='bbox 107 3000 185 3051; x_wconf 90' lang='lat' dir='ltr'><strong>num</strong></span> <span class='ocrx_word' id='word_1_245' title='bbox 209 2981 387 3074; x_wconf 88' lang='lat' dir='ltr'><strong>perveniat</strong></span> <span class='ocrx_word' id='word_1_246' title='bbox 414 2978 665 3052; x_wconf 84' lang='lat' dir='ltr'><strong>haereditatem.</strong></span> <span class='ocrx_word' id='word_1_247' title='bbox 719 2981 786 3055; x_wconf 87' lang='lat' dir='ltr'><strong>Per</strong></span> <span class='ocrx_word' id='word_1_248' title='bbox 808 2982 905 3054; x_wconf 90' lang='lat' dir='ltr'><strong>Dom.</strong></span> 
     </span>
    </p>

    <p class='ocr_par' dir='ltr' id='par_1_6' title="bbox 107 3089 1391 3272">
     <span class='ocr_line' id='line_1_27' title="bbox 208 3089 1391 3182; baseline 0.005 -30"><span class='ocrx_word' id='word_1_249' title='bbox 208 3090 241 3152; x_wconf 90' lang='lat' dir='ltr'><strong>la</strong></span> <span class='ocrx_word' id='word_1_250' title='bbox 254 3089 564 3172; x_wconf 68' lang='lat' dir='ltr'><strong>duedetrupolltanns</strong></span> <span class='ocrx_word' id='word_1_251' title='bbox 577 3091 625 3155; x_wconf 88' lang='lat' dir='ltr'><strong>dat</strong></span> <span class='ocrx_word' id='word_1_252' title='bbox 638 3092 874 3156; x_wconf 77' lang='lat' dir='ltr'><strong>benedictionem</strong></span> <span class='ocrx_word' id='word_1_253' title='bbox 886 3094 1048 3157; x_wconf 88' lang='lat' dir='ltr'><strong>solemnem</strong></span> <span class='ocrx_word' id='word_1_254' title='bbox 1061 3105 1202 3180; x_wconf 76' lang='lat' dir='ltr'><strong>utsupra,</strong></span> <span class='ocrx_word' id='word_1_255' title='bbox 1217 3099 1391 3182; x_wconf 59' lang='lat' dir='ltr'><strong>vademur·</strong></span> 
     </span>
     <span class='ocr_line' id='line_1_28' title="bbox 107 3193 498 3272; baseline 0.005 -18"><span class='ocrx_word' id='word_1_256' title='bbox 107 3193 170 3272; x_wconf 88' lang='lat' dir='ltr'><strong>guli</strong></span> <span class='ocrx_word' id='word_1_257' title='bbox 187 3193 223 3256; x_wconf 85' lang='lat' dir='ltr'><strong>ad</strong></span> <span class='ocrx_word' id='word_1_258' title='bbox 237 3212 290 3256; x_wconf 85' lang='lat' dir='ltr'><strong>sna</strong></span> <span class='ocrx_word' id='word_1_259' title='bbox 303 3203 498 3259; x_wconf 75' lang='lat' dir='ltr'><strong>revertuntur.</strong></span> 
     </span>
    </p>
   </div>
   <div class='ocr_carea' id='block_1_3' title="bbox 786 3449 852 3456">
    <p class='ocr_par' dir='ltr' id='par_1_7' title="bbox 786 3449 852 3456">
     <span class='ocr_line' id='line_1_29' title="bbox 786 3449 852 3456; baseline 0.015 -1"><span class='ocrx_word' id='word_1_260' title='bbox 786 3450 790 3455; x_wconf 91' lang='lat'>.</span> <span class='ocrx_word' id='word_1_261' title='bbox 804 3449 852 3456; x_wconf 66' lang='lat'><strong>-0-</strong></span> 
     </span>
    </p>
   </div>
   <div class='ocr_carea' id='block_1_4' title="bbox 238 3689 1268 3940">
    <p class='ocr_par' dir='ltr' id='par_1_8' title="bbox 238 3689 1268 3940">
     <span class='ocr_line' id='line_1_30' title="bbox 238 3689 1268 3806; baseline 0.012 -11"><span class='ocrx_word' id='word_1_262' title='bbox 238 3718 286 3795; x_wconf 88' lang='lat' dir='ltr'><strong>x.</strong></span> <span class='ocrx_word' id='word_1_263' title='bbox 310 3689 587 3796; x_wconf 80' lang='lat' dir='ltr'><strong>ennunrcrro</strong></span> <span class='ocrx_word' id='word_1_264' title='bbox 608 3723 668 3796; x_wconf 82' lang='lat' dir='ltr'><strong>nr</strong></span> <span class='ocrx_word' id='word_1_265' title='bbox 692 3722 1012 3803; x_wconf 70' lang='lat' dir='ltr'><strong>consuendum</strong></span> <span class='ocrx_word' id='word_1_266' title='bbox 1032 3702 1268 3806; x_wconf 78' lang='lat' dir='ltr'><strong>&#39;mauman</strong></span> 
     </span>
     <span class='ocr_line' id='line_1_31' title="bbox 333 3858 1037 3940; baseline 0.004 -7"><span class='ocrx_word' id='word_1_267' title='bbox 333 3878 336 3885; x_wconf 83' lang='lat'>·</span> <span class='ocrx_word' id='word_1_268' title='bbox 472 3858 537 3934; x_wconf 83' lang='lat' dir='ltr'><strong>Ex</strong></span> <span class='ocrx_word' id='word_1_269' title='bbox 562 3860 817 3938; x_wconf 80' lang='lat' dir='ltr'><strong>Pontificali</strong></span> <span class='ocrx_word' id='word_1_270' title='bbox 842 3865 1037 3940; x_wconf 88' lang='lat' dir='ltr'><strong>Romanu.</strong></span> 
     </span>
    </p>
   </div>
   <div class='ocr_carea' id='block_1_5' title="bbox 74 4002 1395 4711">
    <p class='ocr_par' dir='ltr' id='par_1_9' title="bbox 74 4002 1395 4711">
     <span class='ocr_line' id='line_1_32' title="bbox 208 4002 1390 4094; baseline 0.006 -31"><span class='ocrx_word' id='word_1_271' title='bbox 208 4002 379 4069; x_wconf 87' lang='lat' dir='ltr'><strong>Benedictio</strong></span> <span class='ocrx_word' id='word_1_272' title='bbox 393 4014 424 4067; x_wconf 83' lang='lat' dir='ltr'><strong>et</strong></span> <span class='ocrx_word' id='word_1_273' title='bbox 436 4011 620 4071; x_wconf 87' lang='lat' dir='ltr'><strong>consecratio</strong></span> <span class='ocrx_word' id='word_1_274' title='bbox 630 4008 781 4089; x_wconf 83' lang='lat' dir='ltr'><strong>Virglnnm</strong></span> <span class='ocrx_word' id='word_1_275' title='bbox 794 4011 857 4073; x_wconf 81' lang='lat' dir='ltr'><strong>fieri</strong></span> <span class='ocrx_word' id='word_1_276' title='bbox 871 4011 959 4074; x_wconf 85' lang='lat' dir='ltr'><strong>dehet</strong></span> <span class='ocrx_word' id='word_1_277' title='bbox 972 4015 1002 4074; x_wconf 90' lang='lat' dir='ltr'><strong>ia</strong></span> <span class='ocrx_word' id='word_1_278' title='bbox 1008 4010 1174 4094; x_wconf 79' lang='lat' dir='ltr'><strong>Epiphania</strong></span> <span class='ocrx_word' id='word_1_279' title='bbox 1183 4015 1300 4079; x_wconf 83' lang='lat' dir='ltr'><strong>Domini</strong></span> <span class='ocrx_word' id='word_1_280' title='bbox 1311 4012 1390 4074; x_wconf 83' lang='lat' dir='ltr'><strong>relic</strong></span> 
     </span>
     <span class='ocr_line' id='line_1_33' title="bbox 106 4101 1391 4195; baseline 0.008 -29"><span class='ocrx_word' id='word_1_281' title='bbox 106 4101 191 4166; x_wconf 79' lang='lat' dir='ltr'><strong>adis</strong></span> <span class='ocrx_word' id='word_1_282' title='bbox 203 4104 389 4171; x_wconf 79' lang='lat' dir='ltr'><strong>Pmehalibas</strong></span> <span class='ocrx_word' id='word_1_283' title='bbox 409 4119 458 4172; x_wconf 88' lang='lat' dir='ltr'><strong>aut</strong></span> <span class='ocrx_word' id='word_1_284' title='bbox 479 4111 508 4171; x_wconf 91' lang='lat' dir='ltr'><strong>in</strong></span> <span class='ocrx_word' id='word_1_285' title='bbox 522 4111 666 4174; x_wconf 84' lang='lat' dir='ltr'><strong>Natalitiis</strong></span> <span class='ocrx_word' id='word_1_286' title='bbox 679 4114 891 4195; x_wconf 77' lang='lat' dir='ltr'><strong>Apostolorum</strong></span> <span class='ocrx_word' id='word_1_287' title='bbox 908 4133 962 4177; x_wconf 85' lang='lat' dir='ltr'><strong>seu</strong></span> <span class='ocrx_word' id='word_1_288' title='bbox 973 4117 1005 4176; x_wconf 90' lang='lat' dir='ltr'><strong>in</strong></span> <span class='ocrx_word' id='word_1_289' title='bbox 1018 4114 1181 4177; x_wconf 84' lang='lat' dir='ltr'><strong>Dominicis</strong></span> <span class='ocrx_word' id='word_1_290' title='bbox 1196 4117 1311 4181; x_wconf 80' lang='lat' dir='ltr'><strong>diebus.</strong></span> <span class='ocrx_word' id='word_1_291' title='bbox 1345 4114 1391 4176; x_wconf 80' lang='lat' dir='ltr'><strong>llio</strong></span> 
     </span>
     <span class='ocr_line' id='line_1_34' title="bbox 107 4209 1392 4300; baseline 0.014 -35"><span class='ocrx_word' id='word_1_292' title='bbox 107 4222 180 4268; x_wconf 78' lang='lat' dir='ltr'><strong>vero</strong></span> <span class='ocrx_word' id='word_1_293' title='bbox 193 4209 383 4286; x_wconf 86' lang='lat' dir='ltr'><strong>praecedenti</strong></span> <span class='ocrx_word' id='word_1_294' title='bbox 396 4211 469 4274; x_wconf 88' lang='lat' dir='ltr'><strong>hura</strong></span> <span class='ocrx_word' id='word_1_295' title='bbox 481 4217 650 4294; x_wconf 78' lang='lat' dir='ltr'><strong>vespertine</strong></span> <span class='ocrx_word' id='word_1_296' title='bbox 664 4215 712 4277; x_wconf 86' lang='lat' dir='ltr'><strong>vel</strong></span> <span class='ocrx_word' id='word_1_297' title='bbox 728 4219 813 4278; x_wconf 85' lang='lat' dir='ltr'><strong>etium</strong></span> <span class='ocrx_word' id='word_1_298' title='bbox 828 4236 913 4280; x_wconf 88' lang='lat' dir='ltr'><strong>manc</strong></span> <span class='ocrx_word' id='word_1_299' title='bbox 924 4226 1078 4300; x_wconf 90' lang='lat' dir='ltr'><strong>antequam</strong></span> <span class='ocrx_word' id='word_1_300' title='bbox 1091 4217 1234 4283; x_wconf 82' lang='lat' dir='ltr'><strong>Pontiiex</strong></span> <span class='ocrx_word' id='word_1_301' title='bbox 1246 4219 1392 4283; x_wconf 73' lang='lat' dir='ltr'><strong>ualeam</strong></span> 
     </span>
     <span class='ocr_line' id='line_1_35' title="bbox 106 4311 1393 4404; baseline 0.013 -40"><span class='ocrx_word' id='word_1_302' title='bbox 106 4322 142 4366; x_wconf 89' lang='lat' dir='ltr'><strong>se</strong></span> <span class='ocrx_word' id='word_1_303' title='bbox 158 4317 259 4388; x_wconf 89' lang='lat' dir='ltr'><strong>paret,</strong></span> <span class='ocrx_word' id='word_1_304' title='bbox 278 4311 308 4373; x_wconf 93' lang='lat' dir='ltr'><strong>in</strong></span> <span class='ocrx_word' id='word_1_305' title='bbox 328 4311 396 4377; x_wconf 87' lang='lat' dir='ltr'><strong>loca</strong></span> <span class='ocrx_word' id='word_1_306' title='bbox 417 4319 605 4378; x_wconf 86' lang='lat' dir='ltr'><strong>convenienti</strong></span> <span class='ocrx_word' id='word_1_307' title='bbox 620 4328 844 4399; x_wconf 87' lang='lat' dir='ltr'><strong>praesententur</strong></span> <span class='ocrx_word' id='word_1_308' title='bbox 858 4323 885 4382; x_wconf 88' lang='lat' dir='ltr'><strong>ei</strong></span> <span class='ocrx_word' id='word_1_309' title='bbox 898 4323 1029 4399; x_wconf 79' lang='lat' dir='ltr'><strong>virgines</strong></span> <span class='ocrx_word' id='word_1_310' title='bbox 1044 4320 1288 4403; x_wconf 79' lang='lat' dir='ltr'><strong>benedicendae,</strong></span> <span class='ocrx_word' id='word_1_311' title='bbox 1307 4320 1393 4404; x_wconf 81' lang='lat' dir='ltr'><strong>quido</strong></span> 
     </span>
     <span class='ocr_line' id='line_1_36' title="bbox 107 4420 1392 4505; baseline 0.016 -39"><span class='ocrx_word' id='word_1_312' title='bbox 107 4421 205 4469; x_wconf 89' lang='lat' dir='ltr'><strong>earum</strong></span> <span class='ocrx_word' id='word_1_313' title='bbox 217 4421 313 4472; x_wconf 84' lang='lat' dir='ltr'><strong>aetate</strong></span> <span class='ocrx_word' id='word_1_314' title='bbox 327 4423 356 4474; x_wconf 89' lang='lat' dir='ltr'><strong>et</strong></span> <span class='ocrx_word' id='word_1_315' title='bbox 369 4420 522 4497; x_wconf 87' lang='lat' dir='ltr'><strong>proposito</strong></span> <span class='ocrx_word' id='word_1_316' title='bbox 536 4421 725 4499; x_wconf 87' lang='lat' dir='ltr'><strong>singulariter</strong></span> <span class='ocrx_word' id='word_1_317' title='bbox 736 4422 883 4500; x_wconf 84' lang='lat' dir='ltr'><strong>singulas,</strong></span> <span class='ocrx_word' id='word_1_318' title='bbox 899 4423 1049 4501; x_wconf 82' lang='lat' dir='ltr'><strong>videlieet,</strong></span> <span class='ocrx_word' id='word_1_319' title='bbox 1063 4442 1100 4485; x_wconf 87' lang='lat' dir='ltr'><strong>an</strong></span> <span class='ocrx_word' id='word_1_320' title='bbox 1113 4442 1223 4487; x_wconf 88' lang='lat' dir='ltr'><strong>annum</strong></span> <span class='ocrx_word' id='word_1_321' title='bbox 1235 4429 1392 4505; x_wconf 73' lang='lat' dir='ltr'><strong>vigeriam</strong></span> 
     </span>
     <span class='ocr_line' id='line_1_37' title="bbox 74 4507 1394 4607; baseline 0.016 -41"><span class='ocrx_word' id='word_1_322' title='bbox 74 4578 77 4583; x_wconf 22' lang='lat'><strong>¹</strong></span> <span class='ocrx_word' id='word_1_323' title='bbox 107 4507 238 4587; x_wconf 90' lang='lat' dir='ltr'><strong>quintum</strong></span> <span class='ocrx_word' id='word_1_324' title='bbox 257 4515 485 4598; x_wconf 85' lang='lat' dir='ltr'><strong>compleverint,</strong></span> <span class='ocrx_word' id='word_1_325' title='bbox 505 4524 530 4582; x_wconf 90' lang='lat' dir='ltr'><strong>si</strong></span> <span class='ocrx_word' id='word_1_326' title='bbox 550 4523 728 4585; x_wconf 85' lang='lat' dir='ltr'><strong>voluntatem</strong></span> <span class='ocrx_word' id='word_1_327' title='bbox 749 4532 779 4586; x_wconf 86' lang='lat' dir='ltr'><strong>et</strong></span> <span class='ocrx_word' id='word_1_328' title='bbox 792 4527 973 4606; x_wconf 86' lang='lat' dir='ltr'><strong>propositum</strong></span> <span class='ocrx_word' id='word_1_329' title='bbox 987 4525 1154 4589; x_wconf 82' lang='lat' dir='ltr'><strong>servandae</strong></span> <span class='ocrx_word' id='word_1_330' title='bbox 1164 4531 1344 4607; x_wconf 69' lang='lat' dir='ltr'><strong>virginitatis</strong></span> <span class='ocrx_word' id='word_1_331' title='bbox 1355 4526 1394 4587; x_wconf 75' lang='lat' dir='ltr'><strong>h·</strong></span> 
     </span>
     <span class='ocr_line' id='line_1_38' title="bbox 102 4608 1395 4711; baseline 0.024 -37"><span class='ocrx_word' id='word_1_332' title='bbox 102 4608 210 4693; x_wconf 71' lang='lat' dir='ltr'><strong>bunt,</strong></span> <span class='ocrx_word' id='word_1_333' title='bbox 229 4611 390 4694; x_wconf 83' lang='lat' dir='ltr'><strong>diligenter</strong></span> <span class='ocrx_word' id='word_1_334' title='bbox 405 4620 524 4699; x_wconf 88' lang='lat' dir='ltr'><strong>inquirit</strong></span> <span class='ocrx_word' id='word_1_335' title='bbox 536 4634 565 4684; x_wconf 89' lang='lat' dir='ltr'><strong>et</strong></span> <span class='ocrx_word' id='word_1_336' title='bbox 579 4627 700 4708; x_wconf 78' lang='lat' dir='ltr'><strong>insuper</strong></span> <span class='ocrx_word' id='word_1_337' title='bbox 710 4642 845 4691; x_wconf 82' lang='lat' dir='ltr'><strong>scemam</strong></span> <span class='ocrx_word' id='word_1_338' title='bbox 857 4647 922 4692; x_wconf 86' lang='lat' dir='ltr'><strong>cum</strong></span> <span class='ocrx_word' id='word_1_339' title='bbox 935 4628 1067 4711; x_wconf 74' lang='lat' dir='ltr'><strong>qualite</strong></span> <span class='ocrx_word' id='word_1_340' title='bbox 1076 4627 1119 4691; x_wconf 86' lang='lat' dir='ltr'><strong>de</strong></span> <span class='ocrx_word' id='word_1_341' title='bbox 1130 4631 1198 4695; x_wconf 79' lang='lat' dir='ltr'><strong>rita</strong></span> <span class='ocrx_word' id='word_1_342' title='bbox 1209 4641 1245 4697; x_wconf 84' lang='lat' dir='ltr'><strong>et</strong></span> <span class='ocrx_word' id='word_1_343' title='bbox 1256 4632 1395 4703; x_wconf 60' lang='lat' dir='ltr'><strong>tantist·</strong></span> 
     </span>
    </p>
   </div>
   <div class='ocr_carea' id='block_1_6' title="bbox 0 0 1528 4942">
    <p class='ocr_par' dir='ltr' id='par_1_10' title="bbox 0 0 1528 4942">
     <span class='ocr_line' id='line_1_39' title="bbox 0 0 1528 4942; baseline 0 0"><span class='ocrx_word' id='word_1_344' title='bbox 0 0 1528 4942; x_wconf 95' lang='lat' dir='ltr'><strong> </strong></span> 
     </span>
    </p>
   </div>
  </div>
 </body>
</html>
