3046 4942
546 1173 819 1306 cneus
887 1166 967 1255 111.

229 1431 289 1503 Dc
314 1432 592 1531 Proclesaione
619 1432 660 1499 in
689 1413 814 1498 Festo
841 1423 1043 1517 Cor-poris
1066 1421 1231 1494 Christi
1245 1416 1285 1514 1).

661 1652 870 1666 -....--—·--··-

492 1863 781 1939 tax-munaus
816 1859 1025 1939 nomano.
1080 1962 1083 1967 1

179 2039 184 2047 ’
203 2042 355 2107 Decenter
373 2053 516 2107 ornentur
531 2045 686 2108 Ecclesiae
701 2056 731 2108 ct
748 2049 878 2127 parietes
893 2045 1035 2118 riarum,
1047 2056 1102 2121 per
1116 2056 1189 2118 quas
1206 2042 1253 2096 est
1266 2033 1398 2095 transcun-
1440 2026 1447 2042 ”

10 2142 17 2153 “
102 2140 182 2223 ihm,
195 2145 346 2227 tapetibus
371 2134 405 2207 et'
417 2146 527 2209 aulaeis
548 2158 578 2209 et
592 2151 685 2210 sacris
701 2144 892 2226 imaginihus,
911 2163 972 2207 nou
992 2149 1089 2205 autem
1109 2137 1242 2221 profanis
1264 2146 1311 2197 aut
1329 2133 1401 2194 ranis

104 2249 219 2327 figuris,
234 2268 287 2311 seu
306 2250 436 2328 indignis
451 2253 642 2312 ornamentis.
683 2250 833 2314 Sacerdos
855 2251 979 2330 primum
999 2242 1118 2307 illesam
1138 2238 1293 2317 celehret,
1309 2239 1337 2321 in
1352 2251 1404 2314 qua

103 2349 174 2411 duas
190 2350 302 2413 hostias
318 2361 492 2432 consecret,
512 2350 651 2415 et·s'umta
666 2373 742 2433 una,
761 2353 884 2414 alteram
898 2352 929 2411 iu
943 2342 1163 2410 tabernaculum
1179 2343 1210 2404 in
1224 2339 1406 2402 Processiorc
1460 2378 1462 2383 -

105 2450 293 2516 deferendam
311 2456 351 2516 ita
360 2465 497 2537 reponat,
510 2465 541 2516 ut
560 2475 615 2538 per
628 2458 736 2517 vitrum
749 2440 804 2517 seu
819 2451 1000 2531 crystallum,
1016 2466 1076 2530 quo
1090 2448 1186 2527 ipsium
1200 2439 1407 2506 mhcruaoalurt

91 2553 330 2638 v'circumseptum
345 2576 414 2621 csse
428 2557 529 2636 debet,
546 2547 885 2634 exterius‘adorautihus
900 2537 1096 2634 appareat²),
1110 2548 1243 2628 veloque
1256 2546 1406 2626 operiatur,

178 2780 207 2853 i)
227 2779 288 2833 Non
300 2785 377 2834 extra
388 2782 563 2840 dubitationis
575 2784 661 2840 alcum
672 2786 791 2857 positum
805 2794 857 2855 est,
870 2784 944 2857 quod
967 2779 1108 2838 contendit
1119 2777 1264 2834 Greteerus
1276 2776 1305 2832 in
1315 2776 1414 2832 Tracta·

108 2861 179 2918 tibus
191 2861 225 2916 de
238 2861 461 2921 Processionibus
475 2877 503 2925 et
515 2867 550 2923 de
561 2869 643 2926 Festo
660 2870 793 2941 Corporis
803 2870 915 2939 Christi,
930 2865 1167 2925 sollemnissimam
1181 2863 1252 2918 hauc
1266 2857 1414 2933 procedo·

85 2948 170 3002 'uem
189 2946 268 3001 simul
288 2962 348 3001 cam
363 2946 422 3017 ipsa
437 2948 585 3008 testivitate
600 2953 627 3033 ip
645 2954 763 3010 ecclesia
783 2954 951 3011 celebratam
966 2958 1039 3014 esec.
1073 2948 1183 3006 llultum
1202 2954 1297 3002 tamen
1311 2941 1416 3000 mutu

109 3037 153 3095 est
162 3036 322 3102 pervetusto
335 3029 644 3094 Directoriolicclesiae
658 3038 818 3105 leodiensis
829 3039 862 3094 ab
875 3037 1048 3094 llenschcnio
1060 3040 1088 3090 ct
1098 3031 1290 3104 Papeltroohio
1302 3031 1330 3086 iu
1340 3028 1418 3104 lucc!

108 3113 231 3183 “11²⁰stss
245 3129 299 3186 <1¹¹0
310 3106 379 3170 hte'v
390 3115 532 3186 leguntur:
547 3123 693 3189 „Officium
707 3111 774 3179 no'v
783 3140 822 3179 ae
833 3120 1024 3179 sollemnitatis
1036 3110 1417 3181 sacrosanctaellucharitlitt

108 3207 194 3256 totum
207 3199 317 3270 duplex.
329 3229 371 3242 -
380 3229 423 3242 -
432 3202 498 3258 Post
507 3210 611 3274 sextam
630 3216 786 3264 remaneant
797 3207 913 3264 ministri
931 3204 1030 3261 altaris
1040 3218 1134 3258 omnes
1145 3199 1232 3256 induti
1242 3207 1282 3257 ut
1300 3201 1336 3260 ia,
1348 3195 1420 3255 lissa

109 3286 273 3343 luerunt-
283 3313 326 3328 --
336 3284 490 3357 radantque
501 3287 601 3357 singuli
622 3290 649 3343 in
666 3308 716 3347 suo
731 3293 840 3352 ordine.
867 3291 958 3348 l'rimo
974 3305 1041 3345 crux
1052 3294 1158 3355 nostra,
1169 3291 1268 3357 postea
1281 3281 1421 3340 Scholam

110 3376 138 3427 et
155 3367 297 3441 Capeliani
319 3375 371 3426 etc.
403 3369 520 3425 'landem
539 3372 614 3427 uenit
633 3372 773 3450 Decrnns,
792 3377 836 3448 qui
855 3377 963 3433 llissam
981 3371 1147 3440 celebravit,
1168 3366 1302 3425 deterens
1324 3368 1423 3440 corp·

110 3453 211 3511 Christi
223 3454 298 3509 etc.“
321 3455 392 3509 sane
403 3454 472 3510 haec
483 3456 616 3511 sententia
630 3459 831 3516 verosimillima
844 3460 962 3529 uidetur,
972 3458 999 3513 in
1012 3456 1074 3512 aliie
1085 3454 1212 3511 ecclesiis
1222 3453 1424 3526 processioa

4 3534 9 3542 ’
109 3538 227 3596 habitam
239 3554 312 3607 esse,
329 3555 364 3593 ex
375 3555 429 3610 quo
445 3539 541 3594 lectum
554 3540 688 3612 Corporis
701 3540 801 3598 Christi
813 3554 952 3617 receptum
964 3542 1055 3612 luerit,
1070 3540 1097 3597 in
1111 3539 1171 3595 aliis
1182 3537 1360 3610 postmodum
1369 3547 1425 3591 me

110 3626 253 3682 insectata.
278 3623 404 3679 Ceterum
417 3622 500 3694 longe
512 3632 574 3680 ante
586 3624 659 3683 iltius
672 3626 734 3683 iesti
753 3625 946 3684 institutionem
957 3632 1154 3696 sacramentum
1166 3623 1192 3679 in
1205 3618 1427 3695 processionibus

51 3713 55 3721 ’
111 3711 138 3766 in
149 3709 193 3765 die
206 3709 366 3778 Palmarum,
376 3709 403 3764 in
413 3707 504 3763 Coena
517 3709 624 3765 Domini
636 3717 690 3766 ctc.
702 3711 939 3781 circumgestatum
953 3719 1005 3776 est,
1018 3709 1143 3767 Gerhert.
1157 3706 1227 3764 hh.
1236 3707 1281 3762 lll.
1291 3706 1429 3780 phihah-

110 3792 142 3866 2)
154 3795 273 3852 llartene
286 3793 321 3850 de
333 3801 388 3854 ant.
401 3793 472 3848 eccl.
489 3792 556 3849 disc.
570 3812 594 3855 c.
606 3795 706 3850 xxiii:
728 3796 770 3852 ho
789 3795 878 3851 statim
895 3796 930 3851 ab
946 3795 1025 3850 initio
1042 3799 1216 3868 patenter
1238 3790 1333 3847 delata
1351 3784 1432 3855 horit

111 3876 280 3937 Eucharistia
291 3880 417 3936 dubitare
432 3876 538 3934 videtur
552 3879 573 3937 1.
590 3880 617 3934 B.
635 3880 775 3936 'lhiersius
791 3880 818 3936 in
829 3880 963 3950 singulari
975 3879 1117 3948 Tractatu,
1133 3892 1212 3948 quem
1226 3875 1263 3932 de
1276 3877 1327 3933 SS.
1341 3870 1429 3930 stans

113 3962 278 4020 sacramenti
290 3962 464 4039 expositione
476 3963 616 4037 inscripsit
627 3964 710 4035 tina,
716 3967 743 4021 4.
755 3964 781 4019 in
794 3981 906 4037 eamque
922 3962 1076 4037 propendet
1086 3962 1259 4032 sentemiam,
1273 3976 1348 4033 quae
1359 3958 1432 4016 Cot·-

113 4062 164 4119 pus
179 4045 278 4103 Christi
289 4050 315 4104 in
328 4047 414 4106 calic’c
426 4065 475 4105 seu
491 4065 556 4103 vase
567 4049 622 4104 alio
634 4049 820 4106 absconditum
832 4049 1004 4121 deportatum
1016 4047 1101 4103 luisse
1111 4046 1237 4103 sustinet
1259 4047 1364 4102 Verum
1374 4041 1435 4101 huic

114 4128 236 4202 opiniorli
251 4134 344 4190 obviat
354 4135 491 4207 antiquum
503 4133 610 4190 llissale
627 4134 784 4191 monasterii
798 4133 977 4190 Fiscumensis
992 4131 1026 4188 ad
1037 4148 1120 4188 -usum
1138 4130 1273 4188 ecclcsiae
1284 4124 1435 4211 Rothoatt·

114 4215 208 4283 gensis
219 4216 348 4288 scriptum
360 4221 432 4275 cirea
447 4219 554 4284 mccc:
573 4220 599 4275 in
610 4236 664 4292 quo
677 4226 740 4274 ante
751 4217 830 4274 huius
845 4218 900 4274 (liei
916 4217 1022 4274 misem
1040 4216 1249 4289 praemittuntur
1267 4231 1302 4272 ea
1320 4208 1435 4288 quaein

114 4299 295 4372 processione
315 4299 369 4355 sint
390 4305 528 4374 canenda„
550 4312 631 4377 atque
650 4305 681 4360 in
703 4303 789 4375 prima
808 4303 906 4360 initiali
926 4303 1006 4359 litera
1028 4300 1187 4357 efformatur
1205 4300 1300 4370 imago
1322 4297 1438 4356 (luorum

80 4394 86 4405 ’
115 4384 338 4457 presbeterorum
354 4385 554 4446 Sacramentum
566 4389 671 4447 invase
687 4387 842 4458 gestatorio
859 4381 968 4444 omnino
983 4394 1117 4460 apertum,
1134 4391 1164 4440 ut
1181 4400 1253 4441 nuno
1267 4385 1309 4456 lit,
1321 4390 1439 4456 gutau-

60 4523 64 4531 ,
115 4465 191 4525 tium.
204 4498 244 4508 -·
261 4468 328 4523 item
346 4469 453 4540 appicta
474 4481 517 4529 est
534 4472 635 4530 liissali
656 4471 861 4544 lleloduueusi,
882 4469 980 4529 eodem
1001 4479 1126 4545 tempore
1142 4468 1324 4543 conscripto,
1343 4466 1438 4538 imago
