3046 4942
732 245 803 352 ms

105 437 141 505 iu
163 430 289 504 corde:
310 451 407 503 sume
422 426 524 498 iidem
544 426 747 501 coelestium
762 433 1043 545 praeceptorum.
1068 423 1148 496 talis
1170 432 1248 495 esto
1269 422 1406 495 moribus

105 544 142 608 ut
176 534 339 653 templum
371 530 436 601 Dei
464 552 550 604 esse
589 531 655 598 iam
686 531 822 623 possis.
859 530 1106 620 ingressusque
1141 525 1328 598 ecclesiam
1354 525 1409 596 bct

105 639 260 709 evasisse
276 644 309 705 te
330 634 474 728 laqueos
495 625 613 703 mortis
634 630 745 702 laetus
766 650 929 721 agnosce
966 628 1143 701 Horresco
1166 626 1274 714 idola,
1296 631 1409 723 respue

105 737 313 824 simulacra,
342 736 420 806 cole
448 733 559 804 Deum
589 733 724 803 Patrem
754 732 1020 824 omnipotentem
1048 740 1081 800 et
1107 729 1221 802 lesum
1249 726 1408 802 Christum

104 830 208 910 iillum
232 840 319 926 eius,
342 839 399 931 qui
421 838 508 908 vivit
530 856 607 906 curn
630 834 733 905 Patre
761 843 812 904 et
820 830 949 926 Spiritu
975 830 1104 904 Sancto
1125 853 1189 927 per
1213 834 1327 902 omnia
1345 852 1410 904 sae-

104 941 183 1012 cula
209 939 437 1014 saeculorum,
481 946 544 1007 llae
557 947 693 1006 oratione
708 944 826 1025 expleta
842 945 967 1023 accipiat
980 945 1017 1005 de
1030 943 1094 1004 sale
1111 942 1273 1004 benedicto
1289 951 1320 1003 et
1332 951 1409 1022 ponat

106 1054 136 1112 in
156 1069 211 1111 ere
230 1050 440 1112 catechumeni
465 1048 582 1110 dicens:
615 1037 749 1134 Accipe
772 1036 879 1110 salem
902 1039 1090 1131 sapientiae
1119 1038 1154 1106 in
1175 1039 1287 1106 vitam
1311 1044 1408 1105 aeter-

106 1139 227 1239 naml).
262 1152 300 1212 Et
313 1153 444 1231 imponat
461 1168 574 1210 manum
588 1167 679 1229 super
693 1168 759 1209 eum
778 1157 807 1209 et
822 1147 901 1209 dicat
913 1147 1038 1228 aliquam
1053 1148 1228 1208 orationem.
1257 1147 1304 1208 Ac
1318 1145 1410 1207 deinde

107 1253 310 1315 introducatur
335 1252 504 1313 iudeorum
532 1250 815 1312 catechumenorum
847 1258 877 1310 et
899 1251 978 1310 inter
1009 1249 1244 1311 Gatechumenos
1278 1248 1410 1309 ecclesiae

107 1354 315 1416 adnumeretur
339 1363 369 1414 et
392 1340 421 1415 id
442 1352 520 1416 libro
541 1352 734 1414 describatur.
773 1352 863 1412 inca
881 1360 978 1413 autem
995 1351 1083 1413 domo
1098 1351 1247 1413 Sacerdos
1261 1349 1411 1411 catechizet

109 1474 177 1518 eum
192 1456 299 1517 divinis
313 1456 501 1518 sermonibus
520 1465 553 1518 et
571 1453 622 1517 det
642 1456 670 1515 ei
694 1456 803 1517 monita
819 1453 934 1532 salutis,
956 1451 1197 1534 quemadmodum
1212 1462 1283 1534 post
1296 1453 1410 1529 agnitam

109 1560 264 1621 veritatem
280 1543 384 1619 visere
402 1557 510 1631 debeat
524 1567 554 1619 et
568 1558 686 1637 saepius
706 1557 879 1617 exorcismis
898 1557 978 1617 illum
994 1557 1156 1618 exorcizet.

149 1652 153 1659 ’
213 1659 393 1721 sollemnem
402 1660 579 1740 Baptismum
587 1644 768 1736 Electorum,
777 1659 826 1738 qui
840 1657 963 1719 sabbato
976 1667 1079 1720 sancto
1089 1656 1268 1732 celebretur,
1279 1663 1413 1734 septem

8 1759 28 1829 f
108 1764 309 1824 scrutinia
322 1762 500 1824 antecedere
515 1761 636 1831 debent.
664 1761 879 1824 Scrutiniorum
888 1770 1044 1847 tempus
1017 1760 1151 1821 omnibus
1162 1757 1300 1819 hdelibars
1314 1757 1412 1817 denun-

49 1894 53 1903 ·
108 1859 252 1942 siatnr2),
270 1864 497 1945 unumquodque
519 1882 593 1927 vero
614 1864 793 1925 Scrutinium
811 1863 910 1942 aliquo
932 1834 1063 1924 antedie
1077 1861 1323 1938 catechumenis,
1343 1855 1414 1919 stad

108 1966 179 2029 illud
195 1968 372 2028 conveniant
386 1985 439 2047 per
452 1955 823 2044 Presbyterumecclesiee
838 1963 1035 2044 denuntiatur,
1050 1984 1112 2070 qua
1127 1965 1157 2025 iu
1170 1963 1311 2039 ecclesia,
1326 1975 1415 2041 quore

1 2066 6 2077 '
103 2067 158 2128 die
171 2066 334 2128 habendum
349 2070 397 2128 sit.

212 2159 392 2231 Primum
413 2167 591 2231 Scrutlnium
612 2165 776 2229 iaciendum
791 2177 837 2229 est
858 2168 932 2230 ieria
945 2166 995 2230 tv.
1010 2165 1214 2230 hebdomadae
1229 2167 1333 2229 tertiae
1346 2166 1417 2241 Qua·

111 2270 304 2348 dragesimae
336 2269 374 2332 Ut
396 2281 491 2332 autem
511 2269 548 2332 ad
562 2270 719 2332 ecclesiam
736 2257 910 2346 veneriut³l
925 2249 1133 2333 Gatecbdmeni
1151 2288 1208 2350 pro
1226 2267 1336 2331 loribus
1349 2285 1418 2327 con·

15 2369 21 2381 '
109 2375 216 2435 sistant
230 2380 259 2433 et
273 2373 343 2434 dent
358 2376 476 2437 nomina
493 2391 557 2449 sua,
572 2389 647 2452 quae
660 2372 848 2434 scribantur
839 2392 869 2434 ιιι
882 2372 959 2435 libro
975 2371 1155 2436 asservando
1168 2373 1206 2447 ad
1220 2371 1330 2451 reliqua
1341 2387 1419 2429 scra·

105 2476 181 2536 ¹tinia
191 2484 222 2536 et
231 2475 417 2556 baptismum.
436 2475 552 2539 Deinde
560 2474 710 2537 Diacouus
722 2475 827 2539 clamat
834 2475 953 2537 dicens:
968 2463 1213 2538 catechumeni
1224 2463 1419 2560 procedunt.

102 2576 149 2647 ,lit
166 2574 332 2640 ιιιιιιιιιιι
351 2596 447 2640 mares
468 2597 604 2641 aeonum
623 2577 660 2639 ed
681 2576 814 2639 dextram
828 2576 1032 2656 Celebraatis,
1049 2578 1178 2639 lemicae
1194 2592 1270 2637 rero
1290 2590 1419 2637 secessu

111 2679 147 2741 ad
162 2680 311 2739 sinistram
324 2690 448 2762 partem.
482 2680 565 2741 lunc
582 2679 743 2756 Presbyter
761 2679 910 2742 benedicit
925 2679 1052 2742 cinerem
1067 2697 1122 2761 pro
1135 2680 1190 2755 iis,
1210 2680 1263 2758 qui
1283 2677 1418 2739 scrutinia

111 2788 180 2841 sunt
194 2779 319 2840 habituri
335 2791 365 2841 et
378 2781 520 2862 baptisari
538 2781 716 2843 desiderant.
748 2781 864 2844 Deinde
877 2791 998 2864 spargat
1011 2785 1129 2845 cineres
1143 2796 1235 2865 super
1247 2796 1314 2842 ees.-
1343 2779 1420 2842 tnnc

196 2987 226 3066 l)
244 2990 351 3047 liabent
360 2989 575 3048 sacramentaria
587 2991 808 3049 benedictionem
819 2993 885 3051 salis
896 2992 978 3051 dandi
990 2992 1195 3050 Catecbumenis
1205 2996 1235 3048 et
1248 2989 1418 3048 Bacchidis-

110 3092 172 3134 uen
182 3082 246 3149 post
258 3075 352 3133 ιιιιιιι
360 3078 455 3134 satem.
479 3076 590 3150 ilispasi
600 3078 656 3134 boo
665 3086 862 3137 sacramentum
873 3079 940 3137 salis
952 3080 1098 3149 ignorasse
1111 3077 1247 3135 ridentur.
1268 3076 1430 3149 lldcpboac

111 3161 205 3224 Ordiu.
216 3162 344 3236 baptismi
358 3179 383 3218 e.
395 3161 440 3218 26.
455 3169 521 3223 tom.
534 3163 581 3219 Vl.
596 3162 709 3219 miscell.
725 3163 816 3221 Baius.
827 3181 854 3236 p.
867 3167 912 3220 et.
945 3165 976 3220 ln
990 3163 1125 3222 nonnullis
1138 3163 1225 3231 locis,
1243 3169 1288 3231 uls,
1297 3161 1420 3228 relatur,

110 3246 183 3302 sales
195 3246 340 3319 accipiunt,
355 3247 429 3303 velut
443 3246 599 3318 significato
610 3247 761 3319 sapientiae
772 3247 956 3305 condimento.
985 3247 1041 3306 Sed
1058 3248 1122 3304 licet
1137 3246 1264 3317 forsitan,
1276 3255 1307 3305 ιιι
1317 3245 1420 3313 dicitas,

108 3327 173 3402 quia
184 3328 243 3385 sols
255 3330 307 3385 boc
319 3332 464 3405 antiquitas
476 3330 683 3402 commendavit
698 3330 768 3389 adeo
780 3336 997 3407 usquequaquam
1007 3348 1062 3389 non
1072 3332 1214 3406 probatur.

194 3409 226 3489 2)
248 3412 289 3469 ιιι
300 3413 327 3469 ιι
339 3414 500 3473 Gelasiano:
517 3415 644 3473 scrutinii
657 3415 738 3487 diem,
750 3417 919 3474 dilectissimi
930 3418 1040 3488 iratres,
1061 3433 1114 3490 quo
1125 3415 1214 3472 illecti
1224 3414 1315 3472 ndstri
1326 3412 1418 3470 disici-

110 3497 356 3567 tusinstruauturs
348 3501 673 3574 rnninerecogncncire
694 3501 814 3574 ideoque
825 3502 944 3560 sollrcrta
955 3502 1104 3558 devotione
1114 3500 1283 3559 mceeucnre
1293 3502 1419 3571 sequente

111 3582 181 3639 ills
197 3581 269 3638 teria
291 3580 364 3639 cirea
384 3584 439 3640 diei
452 3586 547 3642 boram
559 3593 665 3644 sextam
675 3602 824 3645 conventre
834 3585 1001 3659 drgaemrm
1019 3595 1049 3644 ιιι
1065 3588 1186 3643 coeleste
1201 3584 1420 3657 ιιιιιοιιιιιιιιι

110 3669 241 3735 Diabolus
255 3684 315 3725 cum
329 3685 377 3725 sua
389 3684 487 3741 pompa
499 3656 654 3728 destruetur
666 3679 693 3729 et
710 3671 789 3728 ianus
800 3672 880 3745 requi
896 3671 1027 3730 coelestis
1037 3673 1186 3745 aperietur,
1196 3670 1357 3744 inculpabili
1366 3667 1421 3729 llso
1441 3672 1444 3679 '

110 3751 219 3811 iuvante
232 3752 383 3810 ministerio
395 3769 531 3827 peragere
543 3756 688 3813 valeamus.
719 3757 771 3813 Per
785 3748 935 3814 Dominum
1055 3770 1058 3774 ⁴

193 3838 224 3914 3)
247 3837 455 3897 comitantibus
461 3837 686 3912 Suseeptoribms‚
707 3858 820 3914 quorum
834 3840 889 3897 ism
907 3841 979 3914 apud
999 3816 1188 3896 Tertullianum
1206 3794 1241 3895 de
1261 3840 1337 3913 bapt
1357 3857 1381 3896 c
1393 3842 1422 3898 te

110 3920 150 3976 lt
150 3920 251 3979 nestro
253 3922 376 3996 ‚patrini
386 3939 425 3992 sc
435 3922 566 3980 nntnnae
580 3924 786 3982 catechumenis
796 3943 852 3985 suas
863 3925 978 3984 aderant
989 3922 1149 3982 momnrbus
1156 3922 1314 3982 scrutrnus
1305 3940 1421 3999 rpsrsque

110 4006 220 4076 saepius
237 4010 326 4067 crucia
348 4008 560 4080 consignatione
577 4009 783 4070 benedicebant.
818 4010 974 4068 Oherebant
987 4004 1134 4082 praetcrea
1150 4024 1201 4081 pro
1218 4008 1423 4066 cntechamsnia

110 4089 264 4149 oblationes
275 4111 338 4153 suas
353 4095 381 4152 ιιι
397 4094 484 4153 ιιιιιιι
499 4089 699 4171 ιιιιιιιιιιιοιιιιι.
732 4096 817 4163 Quam
828 4096 920 4169 magni
930 4095 1029 4152 iecerit
1043 4093 1162 4150 ecclesia
1173 4092 1421 4167 antiquitussasot·

109 4179 215 4249 plorum
231 4192 343 4249 munus,
362 4181 502 4239 conlisere
521 4179 586 4237 lieet
603 4196 640 4237 ex
656 4196 707 4251 eo,
725 4180 798 4253 quod
817 4197 868 4254 pro
882 4181 916 4239 iia
931 4197 1013 4237 orare
1024 4180 1105 4238 solita
1117 4177 1153 4239 sit
1163 4177 1190 4234 iu
1202 4193 1323 4240 meone.
1350 4181 1421 4236 sacr.

109 4254 182 4317 (iel.
175 4278 182 4294 ·
197 4261 333 4320 {emente
344 4265 458 4324 Domine
469 4265 630 4323 famulorum
648 4265 861 4338 famularumque
871 4273 992 4335 tuarum,
1010 4265 1055 4339 qui
1065 4263 1178 4320 Eiectos
1192 4269 1256 4320 tuos
1272 4261 1422 4337 suscepturi

107 4345 220 4400 suntad
238 4352 359 4401 sanctam
377 4350 692 4445 gratiarnbsptisuritui.
723 4349 758 4407 lit
775 4351 893 4408 omnium
910 4306 1183 4407 circuhaadstautiom.
1219 4347 1256 4405 Et
1277 4349 1422 4406 temtantes

107 4428 216 4484 nomina
230 4430 351 4486 virorum
369 4439 396 4489 et
413 4436 570 4508 mulierum,
587 4435 634 4509 qui
648 4436 726 4508 ipsos
745 4434 863 4494 inientes
882 4434 1035 4524 susceptori
1051 4439 1121 4492 aaut.
1165 4430 1200 4489 lit
1220 4432 1318 4492 intras.
1351 4433 1422 4501 Quo

107 4527 166 4568 rum
178 4510 229 4568 tibi
241 4512 308 4571 bdes
320 4521 375 4571 etc.
