3046 4942
665 335 741 406 225

29 510 279 619 uqtls.nostris
306 525 340 586 et
369 513 412 587 ab
435 518 528 588 omni
552 521 720 617 servitute
745 518 935 596 saecularis
962 515 1096 591 babitus
1121 516 1186 590 bos
1209 500 1355 595 famulos

32 620 116 687 laos
137 613 303 719 emunda:
324 627 374 706 ut,
396 617 476 690 dum
496 621 718 710 ignominiam
739 620 929 695 saecularis
949 619 1083 692 habitus
1096 619 1282 715 deponunt,
1297 632 1355 694 tue

8 722 181 813 damper
195 719 376 817 invaevum
402 722 512 812 gratia
538 720 778 817 perfruanturr
802 732 840 795 ut
864 725 952 795 sicut
977 718 1232 796 similitudinem
1257 743 1357 794 coro·

31 828 104 891 [a
134 826 216 891 tuae
245 841 308 894 eos
334 830 475 913 gestare
506 821 651 897 iacimus
674 827 711 895 in
737 822 922 921 capitibus,
953 825 1005 896 sic
1032 833 1090 894 tna
1119 816 1247 895 virtute
1278 822 1372 907 liaess

8 916 218 1095 ..mtrem
243 921 415 1069 lsubsequi
448 935 644 998 mereantur
678 937 853 998 aeternam
883 928 918 997 in
949 923 1121 999 cordibus.
1182 922 1249 1010 Qui
1280 947 1358 998 cum

9 1040 17 1063 '
167 1022 233 1095 etc'.
259 1023 285 1120 ).
612 1078 620 1090 .

47 1156 53 1171 ·
142 1132 259 1197 Deinde
266 1133 358 1217 ¹sedet
371 1134 403 1197 Ρ.
420 1145 450 1198 ct
464 1137 624 1218 alloquitur
641 1156 695 1201 eos
709 1138 764 1200 sub
783 1138 828 1201 bis
848 1128 964 1201 v'erbis:
988 1127 1067 1200 Filii
1086 1129 1265 1216 carissimi,
1286 1130 1353 1201 ani·

9 1222 258 1307 ,nitrensis
288 1227 441 1318 debetis,
469 1230 561 1324 quod
591 1230 695 1303 hodie
722 1231 765 1302 dc
791 1232 870 1304 foro
893 1232 1076 1307 ,ecclesiae
1099 1229 1182 1300 facti
1209 1231 1293 1302 estis
1321 1239 1357 1302 et

9 1326 220 1425 ,privilegia
241 1330 415 1402 clericalia
438 1335 549 1404 sortiti
576 1337 680 1407 cstise
709 1344 833 1406 cavete
854 1336 975 1426 igitur,
1001 1354 1047 1404 ne
1067 1332 1209 1427 propter
1235 1331 1355 1427 culpas

9 1436 173 1521 ptumus
206 1431 266 1502 illa
297 1431 451 1539 perdatis
482 1444 517 1505 et
550 1434 665 1507 babitu
699 1436 844 1509 honesto
880 1436 1048 1531 bonisque
1085 1431 1248 1506 moribus·
1270 1433 1353 1513 ,Deo

39 1526 178 1623 placere
204 1533 379 1607 studeatis.
434 1532 536 1618 Quod
563 1538 638 1633 ipse
664 1536 766 1610 vobis
793 1522 970 1625 concedat¹
988 1558 1052 1632 por
1077 1533 1240 1631 Spiritum
1269 1533 1355 1608 San-

40 1630 127 1705 tum
146 1656 257 1709 sunm.
310 1639 366 1726 lin·
381 1635 495 1707 Amen
504 1632 549 1732 ²).

34 1756 55 1801 Π

341 1803 401 1876 De
421 1803 724 1878 ¹Ordinatione
752 1801 1056 1879 Ostiariorum.

10 1962 38 1987 ··
77 1936 82 1943 ’
140 1943 336 2026 Prosequitur
349 1948 392 2011 Ῥ.
413 1947 530 2011 blisum
558 1949 773 2030 pontificalem:
800 1948 921 2011 Gantdta
941 1944 1187 2029 prima'collecta
1210 1954 1240 2007 et
1264 1945 1356 2026 prima

20 2032 198 2123 lectione,
222 2048 309 2110 sedet
328 2050 433 2112 iterum
455 2053 483 2111 io
508 2051 684 2125 lrldistorio.
718 2052 755 2112 A.
774 2061 862 2137 vocqt
880 2049 1076 2126 Ordinandos‚
1098 2048 1215 2111 dicens:
1241 2039 1357 2111 Acoe-

15 2130 119 2211 dant
139 2142 197 2233 qui
217 2140 396 2213 ordinandi
414 2154 493 2217 sunt
512 2144 556 2215 ad
578 2142 728 2216 officium
745 2143 980 2218 Ostiariorum.
1013 2151 1165 2214 Vocantur
1182 2159 1211 2210 et
1229 2168 1353 2230 respon·

10 2236 108 2313 dent
122 2257 154 2310 ut
168 2249 352 2343 Tonsurandi
365 2272 394 2334 p.
409 2250 482 2316 22³.
886 2262 891 2271 '

141 2351 282 2416 Omnibus
297 2357 326 2416 in
342 2350 568 2437 superpelliceis
583 2373 647 2416 cum
661 2356 831 2418 candelisin
847 2354 980 2416 manibus
994 2372 1092 2416 coram
1105 2353 1353 2434 pontillec'genu·

10 2444 134 2533 flexis,
153 2453 185 2516 P.
200 2456 339 2519 admonet
352 2435 421 2557 titos
435 2458 552 2561 dicens:
573 2445 787 2543 Suscepturi,
800 2447 860 2521 lilii
875 2449 1054 2535 carissimi,
1077 2445 1226 2517 officium
1242 2443 1353 2549 Ostia3
1392 2544 1396 2551 Ι

10 2576 246 2601 *—

97 2654 128 2735 1)
142 2657 228 2716 llinm
239 2662 332 2735 placet
348 2664 417 2721 baec
429 2664 553 2722 collecta
569 2662 685 2738 propter
700 2664 851 2722 saecularis
869 2663 942 2720 vitae
960 2663 1143 2729 contemptum
1157 2661 1239 2727 atquc
1257 2659 1353 2709 contn-

10 2742 148 2803 -oism
161 2744 261 2802 illatam
272 2748 358 2804 laicis.
379 2750 573 2823 Antiquissima
586 2749 667 2806 cedes
679 2749 818 2805 Orationis
825 2756 876 2805 act
887 2746 982 2804 codex
995 2760 1068 2801 saec.
1079 2741 1114 2802 X.
1127 2740 1198 2812 apud
1213 2737 1352 2797 llorinum.

93 2824 129 2903 ²)
144 2829 273 2889 bioterim
295 2834 410 2891 llenbrr.
427 2836 455 2905 l,
478 2837 503 2890 l.
519 2852 545 2907 p.
558 2833 625 2890 att:
654 2835 704 2904 „ln
722 2833 907 2890 Deutscbland
922 2830 1029 2899 scbelnt
1047 2827 1109 2883 eine
1126 2823 1353 2897 blandaullaqunq
1434 2882 1441 2895 ,

10 2910 124 2971 utico
139 2930 272 2984 genesen
289 2934 323 2973 aa
335 2919 410 2989 sein,
427 2917 518 2974 indam
535 2919 596 2975 eine
609 2918 720 2989 Synode
739 2934 792 2974 uon
806 2918 883 2973 Trier
895 2916 964 2971 1310
981 2912 1102 2981 bedeblt
1122 2910 1186 2966 dass
1197 2909 1293 2964 lseiner
1307 2905 1352 2964 die

10 2988 140 3057 'duur
151 3004 249 3070 tragen
261 3001 323 3070 soll,
335 3000 486 3057 bevoribrn
501 3000 546 3057 die
556 3001 800 3074 lldndeaullegung
814 3001 867 3058 und
881 3001 930 3057 der
940 2993 1195 3075 sacramentaliscbe
1206 2994 1297 3063 Segen
1310 2990 1352 3048 sei

11 3078 148 3141 sseilt
166 3079 291 3142 worden.
321 3084 375 3139 llas
395 3084 635 3141 Sacramentsrium
654 3086 819 3142 Gallicanum
839 3080 980 3161 (llabillon
1000 3083 1119 3139 llusernn
1137 3078 1197 3138 ltal.
1211 3077 1232 3147 1,
1244 3093 1271 3149 p.
1283 3072 1351 3159 389)

11 3160 107 3227 Νι
118 3166 183 3222 eine
195 3166 475 3223 solcbellenediction
485 3184 536 3239 an,
549 3169 636 3225 worin
649 3170 718 3227 aocb
733 3168 778 3225 die
789 3169 864 3225 llede
876 3185 929 3227 von
944 3168 1021 3224 einer
1031 3166 1152 3241 Salbung
1165 3161 1352 3222 vorlsornmt.“
1369 3162 1376 3177 ‘

11 3244 159 3325 lupicit
176 3249 227 3306 Vir
245 3251 348 3309 Doctus
365 3251 400 3307 ad
415 3252 501 3308 verba
515 3283 559 3294 —
576 3253 863 3313 ·-.mands·l)eus
883 3250 1171 3310 benedictionem
1191 3252 1225 3303 at
1246 3245 1350 3303 vitam

11 3334 167 3395 'anulo
188 3342 264 3407 tuo,
283 3343 318 3393 ut
337 3343 566 3409 unguentum,
587 3336 678 3410 quod
702 3337 894 3396 deseendit
913 3339 945 3394 ir
968 3335 1085 3409 capita
1101 3339 1135 3388 et
1156 3332 1188 3388 iu
1210 3329 1357 3389 barbam·

15 3406 136 3479 {illus
156 3419 291 3492 Aaron,
312 3428 391 3478 toto
414 3420 551 3485 m'aneat
574 3430 607 3479 et
628 3421 660 3479 in
683 3437 842 3494 corpore.
880 3421 918 3480 At
938 3435 1007 3478 vero
1030 3434 1090 3476 cnm
1111 3415 1140 3472 in
1161 3416 1222 3489 ipso
1243 3414 1348 3488 psalmo

20 3509 199 3577 wentam
215 3507 400 3578 metaphorice
413 3514 569 3581 usurpatum
587 3507 631 3578 sit,
643 3507 714 3563 bene
730 3506 758 3563 in
774 3507 826 3564 bac
837 3506 964 3565 oratione
974 3519 1083 3578 quoque
1093 3507 1187 3575 potest
1202 3498 1348 3571 designare

24 3587 254 3647 benedictionem
272 3591 471 3664 episcopalem,
490 3609 541 3664 qua
560 3592 637 3663 qnasi
653 3591 802 3661 irrigantur
816 3599 845 3648 et
864 3592 1016 3648 imbuuntur
1035 3585 1193 3647 Ordinundi.
1226 3583 1348 3655 Optimus

31 3673 187 3733 ntantiae
199 3683 310 3732 nostrae
322 3675 424 3741 vindex
440 3670 483 3732 e'st
495 3677 590 3733 codex
604 3678 632 3733 S.
645 3676 768 3733 Victoris
777 3693 851 3733 saec.
862 3675 920 3733 xss.
933 3675 1004 3750 apud
1016 3673 1158 3730 llorlnum.
1185 3669 1274 3739 „Dum
1284 3672 1348 3721 too-

32 3756 155 3817 uun
172 3758 246 3816 dicas
256 3750 459 3832 ilntipbonam:
480 3761 555 3818 Sicut
568 3762 762 3832 ros‘llermon,
778 3762 823 3833 qui
833 3760 1013 3837 descenditin
1024 3758 1106 3827 Sion,
1122 3757 1174 3812 sic
1194 3754 1347 3808 descen·
1450 3764 1456 3775 ·

33 3840 92 3900 dat
109 3834 214 3918 saper
232 3851 265 3901 te
283 3845 487 3903 benedictio
506 3847 575 3903 ttei.
608 3847 726 3904 Etinlru
740 3877 776 3888 -
790 3844 951 3903 -clionda
962 3858 1045 3918 super
1055 3858 1117 3898 eum
1129 3834 1348 3896 benedictionem
1381 3852 1389 3867 ·

33 3929 194 4000 mutin
211 3930 538 4004 caputbarbamqoeeius
552 3939 674 3988 tremeat
690 3931 784 3987 sicut
799 3937 1031 4002 unguentum,
1047 3923 1138 3999 quod
1159 3916 1349 3978 descendit

32 4010 73 4068 ia'
88 4013 233 4070 barbam
251 4016 374 4077 Aaron.
386 4040 429 4057 ⁴-
443 4015 526 4088 ,lpud
545 4015 670 4090 potiquos
692 4030 766 4071 novo
789 4016 892 4072 clerico
914 4013 1077 4071 tondebatur
1098 4012 1210 4082 praeter
1232 4001 1347 4074 capillos

35 4098 131 4171 eapitis
150 4098 235 4154 barba
256 4116 378 4172 quoque:
391 4096 500 4158 'videir
518 4101 640 4174 plurimis
659 4099 735 4157 libris
754 4099 950 4157 Orationes
966 4097 1005 4154 ad
1021 4093 1170 4152 barbam
1188 4086 1345 4145 tonden-
1373 4150 1380 4173 t

36 4178 161 4240 tumeat
177 4192 263 4256 post
278 4201 395 4243 rasam
414 4185 554 4241 barbam
570 4203 595 4242 e.
607 4192 636 4258 g.
651 4185 678 4240 in
695 4185 798 4266 codice
816 4182 1025 4255 Rotomaqensi:
1048 4180 1132 4245 Deus,
1144 4173 1188 4246 qui
1200 4171 1345 4263 ecclesiam

37 4268 103 4323 han
126 4283 202 4325 novo
222 4286 330 4344 semper
347 4263 423 4327 ioetd
445 4270 622 4343 multiplicas,
647 4258 891 4326 concede·tamirlo
908 4273 955 4323 tuo
968 4266 1012 4335 N,
1026 4262 1072 4335 qui
1095 4258 1179 4315 divim
1199 4256 1305 4338 timoris
1318 4260 1345 4313 et

24 4352 132 4421 ,noris
154 4353 284 4411 instincto
304 4356 442 4412 exteriora
456 4356 607 4428 pubertatis
630 4355 760 4426 abscidit,
780 4361 810 4410 ut
827 4360 934 4408 tuorum
950 4348 1067 4406 omnium
1083 4345 1241 4400 Sanctorum
1257 4341 1344 4397 inter-
1375 4381 1377 4385 -

38 4437 201 4507 menibus
215 4440 328 4511 meritis,
342 4440 432 4497 carnis
443 4441 617 4513 petulantiam
634 4457 689 4497 non
705 4442 794 4497 sotum
812 4438 990 4505 verbotenus,
1006 4431 1056 4490 sed
1069 4429 1160 4486 latium
1170 4427 1264 4484 cordis
1276 4440 1344 4483 con-

36 4518 141 4579 dentis
153 4539 337 4595 perseverans
348 4526 568 4597 conrersrtioae,
580 4526 679 4584 te’eum
689 4527 789 4599 ubique
800 4521 983 4598 praecedente
994 4525 1023 4577 et
1032 4516 1224 4589 subsequente,
1235 4511 1343 4571 calcare

31 4604 256 4683 εΐοιιιιιοιιιιιιιιιι,
267 4611 349 4668 vitan
360 4617 496 4670 mereator
505 4618 653 4672 aeternam.
724 4596 734 4613 ⁸
847 4596 854 4611 ’
1087 4683 1135 4756 1⁶
