3060 4934
10 484 18 595 d
45 536 114 601 -qne
133 516 296 617 penadexo
309 519 340 581 ia
355 517 476 582 lamera
491 519 532 597 (si
546 521 594 583 uir
606 521 711 599 luerit)
725 540 819 603 nsque
831 522 868 583 ad
882 523 1029 585 amiciam
1043 522 1198 586 exclusive
1211 524 1371 607 denudato,

54 622 141 699 virga
161 629 212 681 ιιι
234 619 374 685 tuniculis
389 621 498 683 sedens
512 621 778 703 lapiter'percutit,
801 623 929 686 dicendo
943 632 1036 686 totum
1050 625 1191 705 psalmum
1204 615 1373 692 Miserere

53 716 123 785 mei
143 713 241 787 Deus
261 723 326 785 ete
346 741 410 784 cum
434 712 552 786 Gloria
570 718 658 810 patri
680 726 743 788 elo
781 725 897 787 Deinde
914 728 1010 804 surgit
1026 735 1056 787 et
1070 735 1176 807 aperto
1193 730 1290 808 capite
1303 729 1375 792 dicit

10 814 163 949 liprie
182 815 327 887 eleison
372 813 505 888 Christe
527 817 598 888 elei
584 827 672 891 ison.
719 816 826 912 llyrie
847 819 992 893 eleison.
1040 819 1143 891 Pater
1161 831 1289 894 noster.
1329 821 1375 894 Et

10 906 25 1059 d.
55 934 99 989 ne
119 936 185 989 nos
206 915 379 989 inducas'
370 939 405 988 m
424 920 653 990 tentationem.
693 924 737 1012 ll·
757 919 827 992 Sed
849 919 958 991 libera
978 941 1043 994 nos
1067 943 1087 992 a
1105 922 1206 994 malo
1231 928 1274 996 a
1296 919 1374 996 Sal-

10 1052 19 1109 p
56 1038 138 1091 vum
155 1016 211 1088 iac
233 1039 375 1092 servum
395 1029 490 1090 tunm
510 1026 574 1104 (rel
595 1021 753 1093 ancillam
775 1031 880 1108 tuam)
901 1022 1057 1094 Domino.
1093 1028 1136 1114 lp.
1158 1021 1254 1095 Dens
1275 1045 1373 1097 meus

56 1122 281 1240 sperantem
272 1143 307 1190 ur
329 1130 372 1193 te.
423 1126 464 1194 ι.
491 1120 585 1194 Nihil
605 1122 796 1219 proficiat
786 1126 942 1197 mimicus
961 1128 997 1195 in
1016 1144 1059 1196 eo
1087 1122 1185 1220 (vel
1175 1146 1210 1195 m
1232 1123 1299 1218 ea).
1327 1130 1369 1214 lp.

30 1221 99 1294 -Et
125 1218 214 1292 lilius
242 1223 426 1316 iniquitatis
454 1245 524 1295 non
528 1235 701 1325 apponat
731 1246 862 1296 nocere
891 1228 933 1295 ei.
978 1234 1020 1302 V.
1051 1225 1137 1300 Esto
1165 1228 1199 1297 ei
1224 1224 1371 1297 Domine
1471 1283 1478 1291 .

56 1325 158 1395 turris
176 1321 391 1398 fortitudinis.
436 1329 479 1415 D.
502 1310 538 1395 ΑΙ
558 1324 680 1398 facie
670 1330 805 1398 mimici
854 1332 896 1400 V.
920 1324 1068 1399 Domine
1091 1328 1219 1399 exaudi
1245 1329 1371 1400 oratio·

56 1443 132 1496 nem
153 1445 272 1497 meam.
313 1430 355 1516 ιιι
379 1425 424 1496 Ει
445 1425 576 1497 elamor
597 1449 695 1501 meus
717 1427 761 1498 ad
783 1437 817 1498 te
839 1430 965 1500 veniat.
1001 1434 1043 1502 V.
1064 1428 1232 1503 Dominus
1254 1427 1370 1502 nobie

40 1548 140 1609 ¹cum
187 1530 230 1616 lp.
257 1525 303 1597 Et
327 1548 406 1598 cum
426 1529 546 1622 spiritu
572 1537 641 1599 tuo.

159 1625 313 1702 Oramus
1010 1702 1014 1709 .

30 1818 39 1829 .
156 1728 252 1799 Deus
281 1730 337 1798 cui
361 1728 538 1822 proprium
564 1735 617 1800 est
643 1729 800 1800 misereri
826 1747 964 1822 semper
990 1736 1025 1798 et
1045 1747 1205 1821 parcere,
1232 1731 1369 1822 suscipe

59 1829 333 1925 deprecationem
351 1839 516 1919 nostram,
536 1839 572 1900 ut
593 1828 682 1900 hunc
701 1828 865 1901 famulum
885 1838 992 1918 tuum,
1012 1849 1114 1922 quem
1136 1832 1369 1900 excommuni-

57 1932 197 2003 cationis
224 1934 391 2003 sententia
412 1933 625 2023 constringit,
647 1932 821 2004 miseratio
844 1940 923 2002 tuac
943 1933 1078 2027 pietatis
1100 1929 1289 2001 clementer
1311 1928 1369 2000 alr-

58 2033 176 2105 solvat.
227 2031 295 2103 Per
315 2030 485 2104 Christum
504 2033 686 2105 Dominum
707 2041 868 2104 nostrum.
893 2036 935 2122 lp.
984 2031 1107 2103 Amen.

155 2141 326 2205 Monaedes
344 2152 375 2204 et
388 2154 533 2223 cooperto
547 2145 645 2223 capite
658 2142 738 2204 dicit.
774 2133 940 2206 Dominus
960 2142 1081 2207 nosler
1098 2133 1196 2205 lesus
1214 2127 1367 2205 Chrislus

58 2243 89 2305 te
105 2234 285 2326 ‘abscinde
307 2245 342 2306 ιιι
368 2256 436 2328 ego
457 2239 660 2308 auctoritate
682 2237 788 2330 ipsius
812 2245 845 2306 et
871 2237 1075 2309 sanctissimi
1095 2235 1233 2306 Domini
1256 2235 1365 2303 nostri

58 2334 169 2431 Papae
200 2332 267 2430 (nel
297 2337 589 2410 Reverendissimi
614 2336 779 2430 Episcopi
803 2335 843 2406 N
879 2346 928 2406 vel
952 2344 1020 2406 ιιιιι
1044 2329 1258 2452 Superioris)
1285 2331 1367 2403 milri

10 2482 33 2505 .·
58 2438 236 2510 commissa
262 2437 408 2511 absolvo
434 2445 469 2508 ιι
496 2461 516 2508 ι
542 2437 682 2509 noento
709 2437 1092 2516 excommunicationis,
1127 2435 1161 2499 in
1189 2451 1289 2522 quam
1314 2434 1366 2501 in·

58 2541 190 2610 curristi
233 2546 297 2624 (vet
330 2542 519 2612 incurrisse
552 2539 746 2610 declaratus
770 2535 851 2655 ιιι)
868 2543 1008 2629 propter
1039 2529 1110 2598 lale
1147 2528 1274 2599 factum
1305 2530 1375 2601 vel.

57 2661 210 2712 caussam
236 2652 300 2712 ete.
326 2650 360 2713 et
385 2644 528 2713 restituo
551 2649 586 2711 te
609 2639 837 2710 communioni
858 2645 891 2701 et
913 2631 1032 2700 unitati
1057 2627 1207 2700 fidelium
1229 2638 1264 2699 et
1288 2650 1364 2702 san·

56 2745 170 2915 cstnipl
139 2740 369 2816 Sacramentis
386 2740 603 2816 Ecclesiae
593 2763 628 2811 ιιι
653 2734 790 2811 nomine
811 2733 922 2803 Patris
944 2730 976 2823 ι
998 2740 1031 2803 et
1057 2730 1136 2802 Filii
1162 2739 1197 2800 et
1217 2726 1364 2826 Spiritus

126 2845 180 2915 cli.
337 2858 340 2865 '

54 2972 57 2977 ·
156 2952 243 3026 Quod
256 2954 281 3011 ei
293 2949 441 3012 secerdoti
454 2951 532 3011 aalla
545 2951 584 3007 sit
598 2963 614 3006 a
628 2945 791 3024 Superiora
806 2943 989 3022 praescripta
1002 2943 1128 3004 formala
1142 2958 1198 3003 nec
1212 2941 1269 3002 sibi
1284 2959 1371 3005 man--

47 3052 168 3139 bium,
190 3061 222 3111 ut
242 3052 273 3111 in
293 3051 388 3110 forma
400 3048 552 3107 Ecclesiae
569 3047 713 3105 communi
728 3043 777 3104 vel
793 3052 935 3109 consueta
948 3042 1104 3121 absolvat
1125 3053 1195 3104 tunc
1208 3041 1364 3105 tnnhnlonn

10 3176 12 3185 ·
55 3172 106 3216 ιιι
129 3170 184 3233 pro
207 3153 250 3211 rei
271 3149 416 3227 pravitate
438 3143 616 3222 praedictam
636 3145 842 3203 caerimoniam
863 3152 893 3202 et
910 3160 1017 3222 preces
1032 3143 1187 3221 adhibeat,
1208 3144 1363 3206 atverosi

38 3268 103 3317 res
118 3272 180 3317 nun
198 3252 288 3312 inerit
299 3244 374 3306 adeo
391 3244 492 3321 gravis
505 3240 663 3303 absolvere
680 3245 792 3332 poterit
806 3241 923 3304 dicens:

71 3376 74 3381 ·
154 3344 319 3440 Dominus
338 3344 457 3410 noster
472 3333 570 3408 lesus
585 3332 738 3408 Christus
759 3343 795 3406 te
816 3334 991 3408 absolvat=
1015 3340 1050 3403 et
1073 3329 1141 3425 e'go
1162 3336 1364 3407 auctoritate

23 3436 30 3449 ⁸
51 3449 159 3543 ipsius
185 3451 219 3511 et
243 3433 446 3512 sanctissimi
471 3436 609 3508 Domini
628 3439 736 3508 nostri
756 3436 870 3530 Papae
897 3441 938 3524 (sl
958 3463 974 3508 ι
992 3444 1173 3525 pupulascit
1192 3435 1362 3532 delegatus)
1440 3474 1444 3481 ·

52 3557 114 3635 (ιιι
137 3540 431 3615 Reverendissimi
450 3538 613 3633 Episcopi
620 3526 671 3609 N
694 3547 742 3608 vet
764 3547 830 3608 ιιιιι
848 3535 1061 3634 Superioris)
1080 3536 1161 3608 mihi
1183 3556 1363 3623 concessa,

52 3645 197 3721 absolvo
224 3652 258 3713 le
281 3651 344 3712 etc.
369 3657 400 3709 at
413 3667 552 3729 supra..

152 3754 187 3816 ln
209 3754 278 3818 iore
299 3760 396 3813 autem
415 3751 549 3811 interiori
569 3749 774 3811 confessarius
793 3748 906 3810 habens
926 3714 1096 3810 facultatem
1116 3746 1290 3809 absolvendi
1312 3761 1363 3804 ex·

31 3908 38 3920 .
53 3857 313 3930 communicatam,
328 3851 464 3914 absolvat
476 3854 558 3913 iuxta
570 3851 692 3927 lormam
707 3867 890 3912 commanem
903 3868 992 3931 snpra
1006 3849 1240 3931 praescriptam
1232 3866 1260 3907 ιι
1276 3838 1363 3906 alted-

52 3960 167 4050 lutione
179 3953 392 4017 sacramentali.

111 4117 234 4191 Ritus
255 4111 519 4187 absolvendi
545 4094 961 4213 excommunicatum
985 4110 1065 4185 iant
1085 4113 1300 4178 mortuum.

115 4260 188 4320 Si
208 4261 273 4338 quis
296 4258 564 4319 excommunicatus
584 4274 623 4316 ex
643 4254 697 4316 tac
711 4256 771 4314 rita
787 4251 935 4314 decedens
949 4249 1065 4311 dederit
1079 4250 1195 4325 signnm
1209 4246 1364 4308 contritio·

38 4365 111 4438 ιιι,
126 4378 165 4422 ae
178 4360 379 4445 'ecclesiastica
396 4367 495 4419 careat
507 4357 669 4438 sepultura,
682 4354 736 4417 aed
750 4354 895 4415 ecclesiae
909 4350 1069 4428 suffragiis,
1083 4356 1225 4430 qnatenus
1241 4344 1364 4427 lierlpa·

53 4470 130 4537 test,
151 4461 323 4537 adiuvetur,
340 4458 456 4520 absolvi
470 4456 571 4538 putes't
588 4459 646 4519 hoc
663 4456 763 4519 modo.
804 4457 835 4516 si
851 4471 959 4534 eorpus
973 4450 1101 4514 ιιιιιιιι
1113 4448 1262 4530 'sepultum
1274 4448 1365 4510 luerit

56 4540 235 4626 verberetur
254 4568 286 4623 et
307 4558 478 4678 absolvatur
500 4567 532 4619 ιι
552 4560 644 4635 inira,
665 4557 773 4620 deinde
789 4555 976 4621 absolutum
966 4574 997 4616 ιι
1009 4552 1080 4619 loeo
1088 4569 1180 4615 sacro
1193 4549 1364 4661 repellatur.
