3046 4942
43 484 184 561 semper
203 474 344 562 accepta
369 464 464 541 ierne
486 466 657 560 digneris,
679 478 718 542 nt
734 466 903 566 popolus,
923 468 981 562 qui
1008 469 1044 538 in
1065 466 1153 540 hanc
1173 466 1355 544 Ecclesiae
1437 488 1458 525 ·‘

43 567 182 641 domum
208 579 361 642 sancum
384 571 592 659 conveniet,
616 592 680 666 per
705 570 793 642 hoec
813 569 972 647 libamina
998 568 1144 644 coelesti
1168 571 1355 644 onorico-

42 673 137 749 tione
159 671 326 762 salvatus,
352 674 538 743 animorum
558 694 695 769 quoquc
719 694 859 746 suarum
880 672 1026 747 salutem
1051 682 1252 770 perpetuam
1273 693 1365 745 con-.

42 785 216 869 comatur.
262 773 329 845 Per
349 773 504 845 cundem.
545 779 589 867 Pp.
615 776 738 848 Arnen
747 770 779 871 ¹)

148 884 295 947 Poetlaec
308 883 487 947 Subdinconi
505 886 682 966 abstergunt
700 886 863 966 diligenter
875 904 941 948 curn
956 884 1123 948 mantilibus
1138 885 1218 947 telae
1229 902 1357 963 grossae

41 995 175 1049 nemum
189 987 302 1063 altone,
316 996 348 1049 ct
360 987 498 1050 Pontifex
511 990 626 1053 accedit
638 988 788 1052 adsedem
801 1006 884 1050 enam
896 989 976 1051 iuxta
990 988 1093 1065 altore,
1109 989 1140 1049 in
1154 1006 1211 1069 qua
1226 1006 1290 1049 cum
1304 987 1357 1048 ml·

41 1096 88 1153 tre
104 1087 214 1151 eedeoe
229 1086 305 1151 bene
318 1090 404 1153 iricut
416 1108 518 1153 manue
531 1110 596 1154 cnm
610 1091 734 1157 medulla
749 1093 834 1174 panio
846 1109 883 1153 ac
894 1091 973 1153 lavat
987 1100 1018 1152 et
1031 1091 1172 1169 extergit.
1197 1091 1263 1166 Quo
1277 1089 1357 1152 lecto

41 1190 239 1255 soodioconte
249 1191 464 1270 eeuAcolptlrie
478 1194 734 1274 praesentantibus
749 1195 805 1277 ipei
814 1194 961 1273 Pontifici,
974 1193 1108 1256 tobaleae
1123 1210 1216 1255 noros
1229 1200 1262 1255 et
1274 1210 1357 1254 mun·
1386 1262 1389 1267 Δ
1492 1182 1497 1191 “

42 1292 94 1356 dae
108 1312 143 1356 ac
156 1311 226 1355 vasa
240 1302 270 1356 et
284 1304 456 1357 ornamento
469 1296 627 1359 ard-cultum
640 1297 697 1361 Dei
710 1305 743 1361 et
753 1295 926 1375 Ecclesiae,
951 1315 988 1359 ac
999 1296 1100 1359 oloris
1114 1303 1357 1359 comecratornn
1456 1322 1460 1343 ι

42 1397 238 1477 pertinentia,
252 1395 392 1461 Pontiiex
406 1396 541 1477 deponite
553 1401 638 1462 mitra
650 1401 747 1479 surgit
762 1407 793 1462 et
805 1408 887 1461 eune
903 1398 955 1462 tile
971 1397 1137 1476 condicit,
1151 1398 1268 1461 dicens.

144 1489 364 1561 Adiutcrinm
385 1500 548 1565 nostrum.
586 1490 654 1577 Qui
673 1491 765 1565 iecit.
806 1492 906 1564 Dom.
927 1490 1007 1563 vob.
1049 1489 1095 1562 Et
1115 1514 1201 1563 cnm.

115 1616 118 1620 ·
147 1589 312 1664 Oremusr
339 1589 561 1688 Omnipotens
587 1604 623 1667 et
643 1596 840 1667 misericors
859 1593 974 1682 Deus,
1005 1595 1064 1687 qui
1084 1592 1128 1663 ah
1148 1594 1243 1664 initio
1261 1592 1358 1664 utilia

40 1701 79 1764 ot
107 1695 304 1779 necessaria
328 1693 520 1771 homiuibus
545 1698 692 1784 craeso,
722 1693 916 1791 templaque
943 1715 1045 1765 manu
1070 1694 1241 1765 homiuum
1267 1693 1359 1765 iacta
1496 1708 1503 1723 “

40 1796 248 1866 nominituo
271 1804 391 1867 sancto
414 1795 538 1885 omri,
559 1807 707 1892 tuaeque
727 1795 943 1871 habitationis
965 1795 1045 1868 loco
1062 1797 1183 1867 vocari
1203 1795 1359 1883 voluisti,

41 1898 170 1993 quiquo
189 1918 253 1993 per
270 1895 432 1970 famulum
455 1909 548 1970 tuum
569 1897 717 1995 Moysen
738 1902 943 1972 vestimenta
962 1896 1168 1996 pontificalia
1188 1906 1222 1970 et
1242 1918 1359 1970 socor-

41 1996 171 2071 dotaliu
196 2020 261 2072 seo
287 1998 426 2071 levitice
449 2010 483 2072 et
505 2001 571 2073 alia
598 2023 755 2097 quaeque
781 2002 912 2075 diversi
932 2002 1070 2094 generis
1093 2010 1291 2073 ornamento
1314 1996 1359 2069 ad

41 2100 172 2173 cultum
192 2110 227 2172 ct
246 2100 409 2174 decorem
425 2101 636 2175 tabernaculi
656 2113 691 2176 ct
710 2093 832 2178 altaris
846 2106 896 2177 tui
912 2102 988 2175 lieri
1005 2103 1211 2192 decrevisti,
1231 2098 1360 2174 exaudi

41 2205 209 2300 propitius
226 2226 350 2300 preces
368 2214 518 2292 noscas,
538 2215 573 2277 st
594 2208 706 2277 omnia
719 2206 806 2279 hooc
820 2206 1033 2280 diversorum
1049 2208 1241 2301 specierum
1257 2224 1359 2277 orna-

42 2315 155 2376 mento
175 2308 210 2376 in
221 2326 321 2379 usum
334 2306 433 2377 huius
446 2304 627 2379 Ecclesiae
641 2317 720 2380 tuae
736 2318 770 2380 et
782 2309 913 2396 altaris,
927 2307 970 2378 ad
983 2307 1150 2380 honorem
1164 2317 1198 2378 et
1211 2308 1359 2401 gloriam

41 2416 134 2481 tuam
155 2418 358 2504 praeparata
376 2406 573 2504 purificare,
593 2407 857 2502 beneidicerm
876 2407 1135 2501 sancti†icere
1155 2418 1190 2481 et
1211 2407 1357 2500 consei-

43 2531 143 2582 crare
166 2532 230 2605 per
248 2521 388 2584 nostrae
411 2509 606 2584 humilitatis
625 2513 803 2584 servitium
824 2510 988 2603 digneris,
1009 2518 1046 2581 ut
1068 2510 1192 2582 divinis
1212 2508 1360 2581 cultibus

42 2623 78 2685 ct
110 2615 221 2685 sacris
248 2615 422 2709 mysteriis
452 2623 529 2709 apta
559 2615 730 2702 existant,
760 2612 881 2708 hisque
910 2611 1119 2685 confectioni
1144 2612 1302 2706 corporis
1324 2619 1360 2681 et

40 2717 219 2807 sanguinis
238 2714 319 2790 lesu
339 2714 464 2789 Christi
483 2713 561 2789 Filii
581 2718 630 2788 tui
650 2715 787 2789 Domini
807 2717 917 2790 nostri
940 2710 1232 2814 dignisfpareatur
1251 2711 1360 2783 lomu-

40 2816 176 2889 tatibus.
226 2814 293 2901 Qui
314 2828 435 2891 tecum.
476 2823 519 2908 lia.
548 2814 716 2918 Amen.¹)
1153 2840 1360 2911 rev;„2-»2=;e;tror,·rp

148 2926 263 2987 Deinde
282 2931 415 3007 aspergit
434 2928 485 2991 illa
506 2949 581 3010 aque
605 2930 780 3007 benedictn,
803 2939 863 2991 tam
886 2929 1012 2991 ministri
1035 2937 1149 3009 ponunt
1163 2926 1360 3009 supernitens

42 3028 202 3091 chrismata
216 3030 282 3089 siro
296 3046 422 3108 pannum
437 3029 559 3091 linteam
571 3042 701 3095 coretum
714 3031 751 3095 ad
766 3049 930 3094 mensnram
945 3030 1046 3092 altaris
1059 3031 1178 3107 iactum,
1193 3029 1299 3091 deinde
1308 3047 1359 3090 ve·

41 3132 137 3194 stiunt
156 3130 250 3191 altare
263 3129 391 3192 tobaleis
406 3139 436 3191 ct
450 3135 631 3196 ornamentis
644 3134 808 3197 benedictis
823 3140 971 3214 ponentes
983 3132 1114 3214 desuper
1127 3151 1245 3195 crucem
1259 3141 1291 3195 et
1302 3131 1360 3195 alit

42 3241 227 3297 ornamenta.
255 3232 521 3295 interiml’ontiiex
537 3243 620 3298 etone
632 3236 741 3299 ibidem
751 3234 869 3297 inchoat
877 3234 1074 3315 Antiphonem
1086 3237 1360 3316 primnmeeqnente

42 3334 149 3399 sclicla
169 3336 263 3416 ipearo
283 3354 319 3398 ac
336 3334 408 3398 aliae
423 3335 609 3417 notiplronae
631 3348 792 3419 eeqoentce
807 3355 843 3399 nc
856 3337 1057 3418 lleeponeoria
1071 3356 1136 3399 curo
1149 3339 1210 3400 euie
1224 3338 1360 3399 versibus

43 3448 75 3501 ct
87 3436 211 3500 Psalmis
233 3448 450 3520 prosequente:
470 3428 687 3504 Circumdate
702 3430 845 3503 Levitae
862 3431 969 3502 eluro
984 3429 1121 3503 Domini
1144 3431 1222 3521 Dei,
1233 3432 1359 3504 vestito

42 3533 258 3605 vestimentis
272 3528 371 3619 albis,
385 3542 497 3605 estete
511 3542 547 3604 et
558 3554 624 3606 vos
639 3545 802 3607 canentes
816 3532 977 3630 hymnum
991 3554 1120 3606 novum
1133 3534 1286 3606 dicentes
1295 3528 1360 3601 Al-

43 3633 158 3706 leluia.
182 3640 226 3706 u,
241 3631 408 3707 llirabilis
421 3634 517 3709 Deus
531 3638 566 3707 in
579 3634 715 3710 Sanctis
727 3640 813 3727 suis,
827 3646 864 3708 et
875 3648 1013 3710 sanctus
1026 3639 1061 3709 in
1075 3636 1231 3709 omnibus
1247 3633 1360 3728 opcri-

42 3736 107 3809 bus
122 3737 204 3810 suis.
225 3743 268 3809 v,
283 3734 400 3808 Gloria
411 3737 512 3809 Patri.
533 3743 576 3830 ip.
592 3737 688 3812 Sicut
702 3750 785 3812 enci.
799 3747 880 3810 Alia:
894 3737 1203 3811 CircumdatoSion
1218 3747 1253 3808 et
1266 3755 1360 3806 com-

43 3840 231 3935 plectimini
245 3860 333 3927 eam,
348 3848 486 3911 namate
498 3843 533 3911 in
546 3841 696 3915 turribus
710 3846 792 3916 eius.
810 3840 1181 3935 WliicgnusDominus
1196 3849 1230 3910 et
1243 3835 1361 3909 lauda-

43 3940 122 4015 bilis
136 3943 238 4014 nimis
251 3946 286 4013 in
299 3941 505 4015 civitateDei
519 3953 633 4015 monte
647 3956 767 4018 sancto
783 3947 868 4018 eius.
897 3953 1005 4035 deep:
1020 3941 1180 4017 Induitis
1194 3941 1361 4013 Dominus

48 4084 255 4097 ——a—-——

115 4147 145 4224 l)
160 4150 257 4220 ignom
272 4155 315 4205 est
328 4148 406 4206 libris
421 4150 544 4211 vetustis.

113 4235 144 4310 n)
160 4235 219 4295 Gel.
237 4234 310 4290 llice.
326 4234 421 4291 Frano.
437 4236 471 4294 ll.
489 4235 632 4293 Domine
646 4235 735 4292 Deus
757 4233 992 4307 omnipotens.
1035 4232 1093 4295 (iel.
1109 4234 1180 4290 iliae.
1198 4233 1243 4289 ic.
1264 4224 1360 4305 sicut

42 4320 82 4375 rb
106 4319 229 4379 initio.
264 4318 377 4376 Omnino
393 4320 563 4379 Gelasiaoum
579 4320 687 4378 llissolo
709 4321 873 4377 Francorum
897 4314 1099 4398 ocii’ontiicelc
1116 4317 1204 4375 llaiiei
1219 4324 1320 4375 tantum
1333 4314 1360 4373 ia

43 4405 138 4461 ironte
153 4405 288 4461 collectae
304 4420 364 4459 cum
378 4405 512 4464 hodierno
524 4406 577 4463 ritu
588 4406 772 4463 concordant:
788 4403 914 4463 desinont
926 4406 954 4461 in
968 4404 1119 4463 sententias
1131 4405 1219 4463 miuus
1229 4400 1361 4476 prolixae,

41 4490 171 4547 Romanis
185 4488 525 4562 aliquantalomdiseonae
555 4491 587 4548 lli
601 4489 989 4551 tuoeiruiusbeeilicee
1004 4490 1059 4548 uel
1076 4490 1264 4550 elteris—
1287 4504 1359 4546 eer-

41 4576 194 4634 vitotem
209 4573 535 4646 digneris—utet
549 4575 689 4636 divinis
704 4612 741 4624 -
759 4580 795 4632 ct
810 4575 872 4635 iria.
