3046 4942
609 255 615 266 ’
724 287 799 356 aro

109 493 140 546 ut
154 485 229 544 sciat
241 500 277 542 se
289 480 325 542 ad
347 476 534 539 accendendi
549 454 697 539 ecclesiae
704 478 855 539 luminaria
869 477 1043 558 mancipari:
1067 476 1201 558 accipiat.
1215 485 1250 539 ot
1272 475 1419 539 urceolum

109 603 229 647 vacnum
243 581 279 643 sd
293 580 514 658 suggerendum
528 581 626 640 uinum
642 582 670 641 in
687 578 871 641 Eucharistia
882 560 1027 659 'Corporis
1042 578 1151 641 christi
1164 570 1211 655 ι).

210 685 367 746 Exorcista
383 700 450 743 'oum
473 681 639 759 ordinator,
660 683 784 762 accipiat
803 681 840 741 de
861 700 946 743 mann
971 680 1112 762 Episcopi
1136 678 1291 758 libellnm‘,
1312 681 1343 742 in
1364 697 1417 760 qno

109 789 210 868 scripti
232 796 301 847 sunt
321 783 486 861 Exprcismi
514 783 631 844 dicente
657 784 714 844 sibi
738 783 904 864 Episcopo:
921 772 1065 870 'Accipe
1093 784 1129 845 ol
1154 773 1359 844 commenda
1384 782 1415 843 ei

108 868 232 952 habeto
262 885 466 974 potestatem
500 875 696 971 imponendi
726 896 861 946 manum
895 898 1000 972 super
1037 897 1312 968 energumenum
1345 877 1413 949 siva

107 983 312 1078 baptizatum
334 980 410 1051 sivo
436 977 715 1063 catechumenum
723 974 768 1074 2)
1129 990 1134 998 ·
1379 1060 1384 1069 ⁴

210 1091 318 1153 Lector
331 1107 395 1150 cnm
410 1087 576 1165 ordinator,
590 1089 678 1150 locist
693 1089 730 1150 de
748 1088 801 1150 illo
819 1088 942 1148 verbum
958 1087 1124 1168 Episcopus
1146 1088 1183 1149 nd
1200 1086 1334 1169 plebem,
1347 1085 1408 1146 indi·

110 1211 179 1254 cans
194 1194 257 1252 eius
271 1191 357 1252 iidem
371 1198 460 1269 atque
473 1191 634 1267 ingenium.
671 1192 744 1253 Post
758 1191 830 1251 baec
840 1197 996 1271 spectante
1007 1189 1100 1270 plebe
1113 1189 1209 1251 tradn
1223 1189 1259 1250 ei·
1275 1187 1407 1265 codicem,

85 1294 146 1361 ,de
165 1310 222 1373 quo
237 1293 366 1353 lecturos
380 1301 442 1368 est,
461 1291 562 1352 dicens
579 1292 615 1353 ad
636 1311 717 1354 ennr:
741 1282 875 1377 Accipe
903 1291 938 1352 el
962 1292 1038 1354 esto
1060 1283 1161 1355 vorbi
1183 1281 1253 1354 Dei
1274 1281 1407 1367 relabor,

108 1385 308 1473 habiturum
341 1387 371 1456 si
396 1383 542 1455 fideliter
565 1394 599 1454 et
621 1385 749 1456 utiliter
772 1386 970 1479 impleveris
998 1382 1160 1472 officium,
1183 1393 1317 1479 partem
1342 1402 1405 1453 cun

110 1486 179 1576 his,
204 1489 261 1580 qui
286 1486 431 1557 verbum
458 1485 524 1556 Dei
549 1482 920 1581 administraveruntl).
1428 1504 1432 1514 ·

211 1616 354 1676 Ostiarins
369 1634 434 1677 oum
448 1615 609 1694 ordinatur,
619 1625 773 1696 postquam
786 1616 823 1690 ab
832 1614 1048 1678 Archidiucono
1062 1616 1223 1676 instructus
1237 1613 1404 1692 fueritque

92 1718 176 1779 liter
190 1718 218 1777 in
233 1717 319 1779 domo
334 1717 389 1778 lici
405 1716 511 1779 debeat
525 1720 706 1797 conversari,
727 1735 742 1778 a
755 1721 952 1796 suggestione
967 1717 1175 1778 drobidiaconi
1192 1714 1291 1776 tradat
1311 1716 1337 1775 ei
1350 1712 1403 1792 lipi-

106 1837 216 1899 scopus
235 1818 333 1913 clares
357 1819 502 1880 ecclesiae
528 1820 565 1881 de
588 1819 688 1896 altari,
721 1819 824 1881 dicens
851 1812 899 1880 ei:¹
921 1808 981 1883 Sic
1007 1831 1073 1903 age
1095 1804 1197 1905 ⁸quusi
1223 1807 1403 1878 reddituros

107 1910 185 1983 Deo
206 1914 373 1982 rationem
395 1933 459 2006 pro
482 1910 533 1985 his
555 1912 672 2000 rebus,
694 1935 781 2006 quae
803 1915 876 1985 istis
896 1912 1051 1985 clavibus
1076 1904 1355 2004 recludunturff).

210 2040 376 2118 psalmon,
400 2043 428 2102 id
450 2051 496 2103 est
515 2038 641 2120 Cantor,
665 2051 766 2122 potest
786 2043 898 2123 absque
915 2024 1039 2105 scientia
1053 2039 1195 2122 Episcopi
1208 2038 1273 2099 sola
1286 2036 1404 2098 iussione

107 2142 278 2220 Presbyteri
299 2137 427 2226 oillciuin
444 2143 596 2222 suscipere
615 2141 776 2226 cantandi„
796 2144 913 2207 dicente
940 2145 997 2206 sibi
1023 2142 1223 2218 Presbytero:
1252 2127 1345 2199 Vide
1363 2135 1404 2214 ul,

107 2234 199 2329 quod
220 2257 282 2306 oro
308 2246 443 2325 cantas,
470 2234 577 2306 corde
599 2236 739 2324 credas,
767 2246 819 2324 et,
844 2237 934 2332 quod
961 2235 1068 2309 corde
1094 2233 1227 2324 credis,
1252 2227 1404 2329 oporibus

105 2335 243 2432 probes.
867 2404 872 2413 .
981 2368 989 2383 ·

212 2446 450 2509 Sanctimonialis
472 2448 560 2525 virgo
581 2466 644 2508 cnm
664 2449 700 2510 nd
720 2426 1041 2512 consecrationem'sni
1056 2445 1199 2527 Episcopi
1219 2445 1355 2522 oilerius,
1378 2443 1403 2504 it

109 2549 216 2611 talibus
243 2549 591 2631 restibuoapplicetur,
631 2550 765 2633 qualibus
795 2569 914 2633 semper
949 2556 1035 2612 asnia
1068 2555 1132 2625 est,
1173 2547 1402 2628 professioniet

108 2653 323 2713 sanctimoniae
349 2639 485 2736 aptis⁶).
562 2708 565 2715 .
984 2644 993 2659 '

106 2874 210 2946 Item
239 2872 578 2962 Benedictionos
611 2897 741 2971 snper
774 2845 866 2969 eos,
894 2883 964 2974 qui
999 2877 1145 2956 Sacris
1175 2881 1401 2992 Ordinibus

546 2992 970 3091 benedicendiou'nt,
1095 3008 1102 3020 ‘

206 3141 430 3217 Praelatio
446 3138 642 3217 Ostiarii.
695 3147 807 3220 Deum
834 3150 1265 3253 Patremombipotentein
1291 3160 1404 3259 sappb-

105 3247 191 3319 oitor
209 3245 453 3340 deprecemurs
477 3246 624 3341 uthunc
640 3247 804 3323 famulum
825 3275 924 3331 suum
945 3259 1083 3332 nominc
1103 3267 1187 3331 litum
1206 3260 1402 3337 benedicere

18 3432 24 3443 Ι
105 3346 284 3439 dignetur,
312 3369 412 3441 quom
432 3352 467 3418 in
490 3347 637 3419 officinm
661 3349 797 3453 ostiarii
825 3355 958 3448 eligere
984 3348 1142 3452 dignatus
1163 3384 1220 3435 os:
1250 3375 1289 3436 nt
1314 3367 1402 3440 sitsi

103 3448 299 3522 lidolissima
328 3452 473 3520 cura'in
505 3449 624 3523 diebus
648 3474 689 3523 ao
715 3456 872 3528 noctibus
901 3457 943 3529 ad
970 3450 1238 3543 distinctionem.
1254 3465 1403 3540 horarum

104 3560 274 3626 certarum
297 3548 340 3622 ad
362 3551 589 3623 invocandum
616 3550 741 3627 nomen
767 3555 912 3631 Domini.
965 3560 1082 3660 rent).
1136 3563 1255 3639 Idem
1281 3568 1402 3644 Bene·

169 3769 296 3839 l)·c.in
314 3769 446 3827 oilioio
463 3787 525 3828 suo
546 3790 706 3843 ugero-
727 3774 805 3832 —in
822 3779 1091 3839 eucharistiam.
1107 3784 1142 3841 Ι.
1162 3786 1402 3847 ablrchidin·

105 3870 195 3917 oono
217 3853 354 3929 quidam
375 3853 548 3913 doceatur
568 3859 883 3929 qualiteroiiioio
904 3879 967 3922 suo
986 3882 1147 3936 agere-
1162 3874 1205 3912 -ἐ
1220 3872 1402 3931 rinnmlln—

106 3939 288 3996 charistia.
323 3938 355 3995 ll.
377 3939 410 3996 in
436 3939 570 3998 oiiicio
589 3959 655 3999 sno
677 3961 791 4016 agere
808 3976 850 3989 -
866 3978 909 3989 -
928 3948 969 4007 ad
991 3949 1205 4011 lundendum
1229 3958 1354 4015 vinnm.

170 4019 201 4095 b)
223 4023 518 4081 eunominianos
542 4028 739 4087 memoriae.
823 4058 827 4063 ·
1400 4033 1404 4041 ’

168 4103 199 4181 3)
219 4107 249 4162 c·
266 4109 372 4166 iidem
390 4125 429 4165 ao
444 4109 606 4167 vitam-
620 4119 698 4170 esto
716 4116 845 4173 tactor
860 4118 962 4174 verbi
977 4118 1173 4179 liei—oum
1195 4102 1284 4181 nic·

168 4188 200 4266 4)
219 4190 249 4248 c·
266 4194 309 4250 de
329 4194 460 4252 altario
479 4194 596 4253 colit
616 4197 655 4253 ad
675 4201 1063 4270 suggestionenarct.
1079 4206 1331 4269 --dieons:
1347 4184 1401 4264 bio

105 4290 180 4346 age.
233 4275 262 4331 G.
293 4279 346 4335 bis
373 4280 545 4341 clavibus.
595 4280 626 4337 ll.
658 4283 910 4345 recluduntur.
963 4288 1401 4353 Ettrsdsrsjpp.00ffl

102 4360 448 4443 ostiumeoolesiae.
554 4370 557 4375 '
870 4400 873 4404 -
1103 4396 1105 4400 -

166 4443 197 4518 5)
218 4445 248 4504 C.
268 4460 332 4501 suo
354 4448 528 4520 episcopo
544 4479 639 4491 --
654 4451 867 4523 applicatur.

164 4525 196 4600 6)
217 4528 250 4582 tl.
270 4528 369 4583 omittit
383 4532 521 4588 nomine
540 4534 642 4591 lllunr
660 4550 693 4592 ao
707 4550 851 4608 perperam
865 4537 934 4609 tegit
949 4539 1154 4611 coriarium.
1198 4541 1232 4604 Ε.
1252 4545 1399 4606 lamnia·
