<?xml version="1.0" encoding="UTF-8"?>
<!DOCTYPE html PUBLIC "-//W3C//DTD XHTML 1.0 Transitional//EN"
    "http://www.w3.org/TR/xhtml1/DTD/xhtml1-transitional.dtd">
<html xmlns="http://www.w3.org/1999/xhtml" xml:lang="en" lang="en">
 <head>
  <title>
</title>
<meta http-equiv="Content-Type" content="text/html;charset=utf-8" />
  <meta name='ocr-system' content='tesseract 3.04.00' />
  <meta name='ocr-capabilities' content='ocr_page ocr_carea ocr_par ocr_line ocrx_word'/>
</head>
<body>
  <div class='ocr_page' id='page_1' title='image "./codexliturgicus03danigoog_0354.png"; bbox 0 0 3046 4942; ppageno 0'>
   <div class='ocr_carea' id='block_1_1' title="bbox 671 324 746 397">
    <p class='ocr_par' dir='ltr' id='par_1_1' title="bbox 671 324 746 397">
     <span class='ocr_line' id='line_1_1' title="bbox 671 324 746 397; baseline -0.027 0"><span class='ocrx_word' id='word_1_1' title='bbox 671 324 746 397; x_wconf 76' lang='lat' dir='ltr'><strong>sat</strong></span> 
     </span>
    </p>
   </div>
   <div class='ocr_carea' id='block_1_2' title="bbox 75 504 1360 3545">
    <p class='ocr_par' dir='ltr' id='par_1_2' title="bbox 77 504 1358 583">
     <span class='ocr_line' id='line_1_2' title="bbox 77 504 1358 583; baseline 0.006 -8"><span class='ocrx_word' id='word_1_2' title='bbox 77 505 136 575; x_wconf 88' lang='lat' dir='ltr'><strong>ine</strong></span> <span class='ocrx_word' id='word_1_3' title='bbox 157 511 327 575; x_wconf 89' lang='lat' dir='ltr'><strong>tormenta</strong></span> <span class='ocrx_word' id='word_1_4' title='bbox 346 507 380 575; x_wconf 93' lang='lat' dir='ltr'><strong>in</strong></span> <span class='ocrx_word' id='word_1_5' title='bbox 399 504 467 577; x_wconf 92' lang='lat' dir='ltr'><strong>hoc</strong></span> <span class='ocrx_word' id='word_1_6' title='bbox 487 507 626 577; x_wconf 88' lang='lat' dir='ltr'><strong>saecula</strong></span> <span class='ocrx_word' id='word_1_7' title='bbox 645 512 898 581; x_wconf 76' lang='lat' dir='ltr'><strong>sustinuerantc</strong></span> <span class='ocrx_word' id='word_1_8' title='bbox 919 516 956 579; x_wconf 89' lang='lat' dir='ltr'><strong>ut</strong></span> <span class='ocrx_word' id='word_1_9' title='bbox 976 507 1123 579; x_wconf 90' lang='lat' dir='ltr'><strong>vinculis</strong></span> <span class='ocrx_word' id='word_1_10' title='bbox 1144 512 1256 583; x_wconf 90' lang='lat' dir='ltr'><strong>carnis</strong></span> <span class='ocrx_word' id='word_1_11' title='bbox 1273 534 1358 583; x_wconf 85' lang='lat' dir='ltr'><strong>exu-</strong></span> 
     </span>
    </p>

    <p class='ocr_par' dir='ltr' id='par_1_3' title="bbox 77 606 1359 705">
     <span class='ocr_line' id='line_1_3' title="bbox 77 606 1359 705; baseline 0.007 -30"><span class='ocrx_word' id='word_1_12' title='bbox 77 626 108 693; x_wconf 87' lang='lat' dir='ltr'><strong>s,</strong></span> <span class='ocrx_word' id='word_1_13' title='bbox 134 608 321 700; x_wconf 89' lang='lat' dir='ltr'><strong>pervenire</strong></span> <span class='ocrx_word' id='word_1_14' title='bbox 340 617 513 679; x_wconf 88' lang='lat' dir='ltr'><strong>mereatur</strong></span> <span class='ocrx_word' id='word_1_15' title='bbox 531 606 574 678; x_wconf 91' lang='lat' dir='ltr'><strong>ad</strong></span> <span class='ocrx_word' id='word_1_16' title='bbox 592 608 738 700; x_wconf 77' lang='lat' dir='ltr'><strong>gloriam</strong></span> <span class='ocrx_word' id='word_1_17' title='bbox 755 612 855 701; x_wconf 82' lang='lat' dir='ltr'><strong>regui</strong></span> <span class='ocrx_word' id='word_1_18' title='bbox 872 609 1054 682; x_wconf 86' lang='lat' dir='ltr'><strong>coelestis=</strong></span> <span class='ocrx_word' id='word_1_19' title='bbox 1076 620 1271 705; x_wconf 89' lang='lat' dir='ltr'><strong>praestante</strong></span> <span class='ocrx_word' id='word_1_20' title='bbox 1287 612 1359 685; x_wconf 91' lang='lat' dir='ltr'><strong>Do·</strong></span> 
     </span>
    </p>

    <p class='ocr_par' dir='ltr' id='par_1_4' title="bbox 77 706 1360 902">
     <span class='ocr_line' id='line_1_4' title="bbox 77 706 1360 807; baseline 0.003 -28"><span class='ocrx_word' id='word_1_21' title='bbox 77 710 138 779; x_wconf 87' lang='lat' dir='ltr'><strong>ino</strong></span> <span class='ocrx_word' id='word_1_22' title='bbox 166 716 286 780; x_wconf 84' lang='lat' dir='ltr'><strong>nostro</strong></span> <span class='ocrx_word' id='word_1_23' title='bbox 308 706 387 781; x_wconf 90' lang='lat' dir='ltr'><strong>lesu</strong></span> <span class='ocrx_word' id='word_1_24' title='bbox 412 707 556 782; x_wconf 84' lang='lat' dir='ltr'><strong>Christo.</strong></span> <span class='ocrx_word' id='word_1_25' title='bbox 611 709 678 795; x_wconf 82' lang='lat' dir='ltr'><strong>Qui</strong></span> <span class='ocrx_word' id='word_1_26' title='bbox 697 733 774 783; x_wconf 90' lang='lat' dir='ltr'><strong>cum</strong></span> <span class='ocrx_word' id='word_1_27' title='bbox 796 711 898 797; x_wconf 74' lang='lat' dir='ltr'><strong>Patre</strong></span> <span class='ocrx_word' id='word_1_28' title='bbox 920 721 953 783; x_wconf 92' lang='lat' dir='ltr'><strong>et</strong></span> <span class='ocrx_word' id='word_1_29' title='bbox 973 709 1101 807; x_wconf 77' lang='lat' dir='ltr'><strong>Spiritu</strong></span> <span class='ocrx_word' id='word_1_30' title='bbox 1123 709 1252 783; x_wconf 89' lang='lat' dir='ltr'><strong>Sancto</strong></span> <span class='ocrx_word' id='word_1_31' title='bbox 1274 716 1360 785; x_wconf 82' lang='lat' dir='ltr'><strong>vivit</strong></span> 
     </span>
     <span class='ocr_line' id='line_1_5' title="bbox 102 811 883 902; baseline 0.001 -21"><span class='ocrx_word' id='word_1_32' title='bbox 102 819 232 902; x_wconf 78' lang='lat' dir='ltr'><strong>regnat</strong></span> <span class='ocrx_word' id='word_1_33' title='bbox 255 811 452 882; x_wconf 86' lang='lat' dir='ltr'><strong>insaecula</strong></span> <span class='ocrx_word' id='word_1_34' title='bbox 479 812 707 885; x_wconf 88' lang='lat' dir='ltr'><strong>saeculorum.</strong></span> <span class='ocrx_word' id='word_1_35' title='bbox 759 814 883 885; x_wconf 84' lang='lat' dir='ltr'><strong>Amen.</strong></span> 
     </span>
    </p>

    <p class='ocr_par' dir='ltr' id='par_1_5' title="bbox 77 920 1358 1007">
     <span class='ocr_line' id='line_1_6' title="bbox 77 920 1358 1007; baseline 0.002 -26"><span class='ocrx_word' id='word_1_36' title='bbox 77 926 82 941; x_wconf 93' lang='lat'>&#39;</span> <span class='ocrx_word' id='word_1_37' title='bbox 148 920 182 981; x_wconf 82' lang='lat' dir='ltr'><strong>st</strong></span> <span class='ocrx_word' id='word_1_38' title='bbox 202 938 276 983; x_wconf 84' lang='lat' dir='ltr'><strong>vcro</strong></span> <span class='ocrx_word' id='word_1_39' title='bbox 295 921 403 983; x_wconf 83' lang='lat' dir='ltr'><strong>diutius</strong></span> <span class='ocrx_word' id='word_1_40' title='bbox 417 922 531 985; x_wconf 88' lang='lat' dir='ltr'><strong>laborat</strong></span> <span class='ocrx_word' id='word_1_41' title='bbox 543 925 637 985; x_wconf 85' lang='lat' dir='ltr'><strong>anima</strong></span> <span class='ocrx_word' id='word_1_42' title='bbox 654 926 766 1007; x_wconf 87' lang='lat' dir='ltr'><strong>poterit</strong></span> <span class='ocrx_word' id='word_1_43' title='bbox 783 924 844 1003; x_wconf 76' lang='lat' dir='ltr'><strong>lagi</strong></span> <span class='ocrx_word' id='word_1_44' title='bbox 858 940 950 1003; x_wconf 86' lang='lat' dir='ltr'><strong>super</strong></span> <span class='ocrx_word' id='word_1_45' title='bbox 966 941 1031 985; x_wconf 87' lang='lat' dir='ltr'><strong>aum</strong></span> <span class='ocrx_word' id='word_1_46' title='bbox 1046 924 1105 986; x_wconf 84' lang='lat' dir='ltr'><strong>hoc</strong></span> <span class='ocrx_word' id='word_1_47' title='bbox 1118 922 1312 1002; x_wconf 73' lang='lat' dir='ltr'><strong>Euangeliou</strong></span> <span class='ocrx_word' id='word_1_48' title='bbox 1326 924 1358 983; x_wconf 87' lang='lat' dir='ltr'><strong>S.</strong></span> 
     </span>
    </p>

    <p class='ocr_par' dir='ltr' id='par_1_6' title="bbox 77 1023 173 1083">
     <span class='ocr_line' id='line_1_7' title="bbox 77 1023 173 1083; baseline -0.01 0"><span class='ocrx_word' id='word_1_49' title='bbox 77 1023 173 1083; x_wconf 78' lang='lat' dir='ltr'><strong>tuuis.</strong></span> 
     </span>
    </p>

    <p class='ocr_par' dir='ltr' id='par_1_7' title="bbox 76 1111 1359 1314">
     <span class='ocr_line' id='line_1_8' title="bbox 150 1111 1359 1212; baseline 0.002 -27"><span class='ocrx_word' id='word_1_50' title='bbox 150 1111 187 1185; x_wconf 82' lang='lat' dir='ltr'><strong>G.</strong></span> <span class='ocrx_word' id='word_1_51' title='bbox 210 1113 319 1189; x_wconf 86' lang='lat' dir='ltr'><strong>XVll.</strong></span> <span class='ocrx_word' id='word_1_52' title='bbox 362 1112 560 1190; x_wconf 88' lang='lat' dir='ltr'><strong>Sublevatis</strong></span> <span class='ocrx_word' id='word_1_53' title='bbox 580 1117 692 1191; x_wconf 90' lang='lat' dir='ltr'><strong>oculis</strong></span> <span class='ocrx_word' id='word_1_54' title='bbox 716 1126 780 1188; x_wconf 88' lang='lat' dir='ltr'><strong>etc.</strong></span> <span class='ocrx_word' id='word_1_55' title='bbox 803 1156 856 1171; x_wconf 90' lang='lat'><strong>—</strong></span> <span class='ocrx_word' id='word_1_56' title='bbox 876 1124 914 1187; x_wconf 90' lang='lat' dir='ltr'><strong>ut</strong></span> <span class='ocrx_word' id='word_1_57' title='bbox 939 1114 1092 1206; x_wconf 77' lang='lat' dir='ltr'><strong>dilectio,</strong></span> <span class='ocrx_word' id='word_1_58' title='bbox 1114 1139 1181 1212; x_wconf 88' lang='lat' dir='ltr'><strong>qna</strong></span> <span class='ocrx_word' id='word_1_59' title='bbox 1208 1116 1359 1191; x_wconf 80' lang='lat' dir='ltr'><strong>dilexisti</strong></span> 
     </span>
     <span class='ocr_line' id='line_1_9' title="bbox 76 1218 656 1314; baseline 0.005 -27"><span class='ocrx_word' id='word_1_60' title='bbox 76 1237 98 1287; x_wconf 90' lang='lat' dir='ltr'><strong>e</strong></span> <span class='ocrx_word' id='word_1_61' title='bbox 120 1218 158 1287; x_wconf 92' lang='lat' dir='ltr'><strong>in</strong></span> <span class='ocrx_word' id='word_1_62' title='bbox 180 1219 262 1311; x_wconf 87' lang='lat' dir='ltr'><strong>ipsis</strong></span> <span class='ocrx_word' id='word_1_63' title='bbox 283 1220 326 1289; x_wconf 89' lang='lat' dir='ltr'><strong>sit</strong></span> <span class='ocrx_word' id='word_1_64' title='bbox 349 1229 382 1289; x_wconf 94' lang='lat' dir='ltr'><strong>et</strong></span> <span class='ocrx_word' id='word_1_65' title='bbox 406 1240 474 1310; x_wconf 78' lang='lat' dir='ltr'><strong>ego</strong></span> <span class='ocrx_word' id='word_1_66' title='bbox 501 1222 537 1289; x_wconf 93' lang='lat' dir='ltr'><strong>in</strong></span> <span class='ocrx_word' id='word_1_67' title='bbox 561 1221 656 1314; x_wconf 89' lang='lat' dir='ltr'><strong>ipsis.</strong></span> 
     </span>
    </p>

    <p class='ocr_par' dir='ltr' id='par_1_8' title="bbox 77 1316 1354 1493">
     <span class='ocr_line' id='line_1_10' title="bbox 149 1316 1354 1417; baseline 0.003 -28"><span class='ocrx_word' id='word_1_68' title='bbox 149 1318 268 1391; x_wconf 84' lang='lat' dir='ltr'><strong>Passio</strong></span> <span class='ocrx_word' id='word_1_69' title='bbox 292 1317 428 1390; x_wconf 87' lang='lat' dir='ltr'><strong>Domini</strong></span> <span class='ocrx_word' id='word_1_70' title='bbox 450 1322 560 1393; x_wconf 88' lang='lat' dir='ltr'><strong>nostri</strong></span> <span class='ocrx_word' id='word_1_71' title='bbox 585 1319 664 1394; x_wconf 90' lang='lat' dir='ltr'><strong>lesu</strong></span> <span class='ocrx_word' id='word_1_72' title='bbox 692 1319 817 1393; x_wconf 84' lang='lat' dir='ltr'><strong>Christi</strong></span> <span class='ocrx_word' id='word_1_73' title='bbox 842 1318 1030 1393; x_wconf 90' lang='lat' dir='ltr'><strong>secuudum</strong></span> <span class='ocrx_word' id='word_1_74' title='bbox 1056 1317 1229 1393; x_wconf 89' lang='lat' dir='ltr'><strong>loannem.</strong></span> <span class='ocrx_word' id='word_1_75' title='bbox 1272 1316 1354 1417; x_wconf 80' lang='lat' dir='ltr'><strong>Cap.</strong></span> 
     </span>
     <span class='ocr_line' id='line_1_11' title="bbox 77 1416 336 1493; baseline -0.004 -3"><span class='ocrx_word' id='word_1_76' title='bbox 77 1416 162 1491; x_wconf 77' lang='lat' dir='ltr'><strong>vill</strong></span> <span class='ocrx_word' id='word_1_77' title='bbox 188 1431 224 1493; x_wconf 90' lang='lat' dir='ltr'><strong>et</strong></span> <span class='ocrx_word' id='word_1_78' title='bbox 243 1418 336 1491; x_wconf 85' lang='lat' dir='ltr'>XIX.</span> 
     </span>
    </p>

    <p class='ocr_par' dir='ltr' id='par_1_9' title="bbox 76 1529 1360 3025">
     <span class='ocr_line' id='line_1_12' title="bbox 148 1529 1357 1611; baseline 0.002 -19"><span class='ocrx_word' id='word_1_79' title='bbox 148 1531 251 1592; x_wconf 86' lang='lat' dir='ltr'><strong>Oratio</strong></span> <span class='ocrx_word' id='word_1_80' title='bbox 271 1530 307 1591; x_wconf 86' lang='lat' dir='ltr'><strong>ud</strong></span> <span class='ocrx_word' id='word_1_81' title='bbox 319 1529 475 1591; x_wconf 83' lang='lat' dir='ltr'><strong>Dominum</strong></span> <span class='ocrx_word' id='word_1_82' title='bbox 488 1529 585 1593; x_wconf 83' lang='lat' dir='ltr'><strong>lasum</strong></span> <span class='ocrx_word' id='word_1_83' title='bbox 598 1530 747 1593; x_wconf 78' lang='lat' dir='ltr'><strong>ctrnrtun</strong></span> <span class='ocrx_word' id='word_1_84' title='bbox 768 1531 805 1590; x_wconf 84' lang='lat' dir='ltr'><strong>dc</strong></span> <span class='ocrx_word' id='word_1_85' title='bbox 826 1531 952 1609; x_wconf 68' lang='lat' dir='ltr'><strong>siugulis</strong></span> <span class='ocrx_word' id='word_1_86' title='bbox 971 1531 1103 1593; x_wconf 73' lang='lat' dir='ltr'><strong>articulis</strong></span> <span class='ocrx_word' id='word_1_87' title='bbox 1117 1532 1268 1595; x_wconf 83' lang='lat' dir='ltr'><strong>Passionis</strong></span> <span class='ocrx_word' id='word_1_88' title='bbox 1281 1534 1357 1611; x_wconf 83' lang='lat' dir='ltr'><strong>eius,</strong></span> 
     </span>
     <span class='ocr_line' id='line_1_13' title="bbox 77 1618 1358 1711; baseline 0.002 -18"><span class='ocrx_word' id='word_1_89' title='bbox 77 1641 164 1693; x_wconf 89' lang='lat' dir='ltr'><strong>centa</strong></span> <span class='ocrx_word' id='word_1_90' title='bbox 181 1650 199 1692; x_wconf 85' lang='lat' dir='ltr'><strong>a</strong></span> <span class='ocrx_word' id='word_1_91' title='bbox 214 1633 360 1693; x_wconf 85' lang='lat' dir='ltr'><strong>moriente</strong></span> <span class='ocrx_word' id='word_1_92' title='bbox 373 1630 422 1690; x_wconf 85' lang='lat' dir='ltr'><strong>vel</strong></span> <span class='ocrx_word' id='word_1_93' title='bbox 438 1630 476 1691; x_wconf 83' lang='lat' dir='ltr'><strong>ab</strong></span> <span class='ocrx_word' id='word_1_94' title='bbox 488 1631 549 1693; x_wconf 83' lang='lat' dir='ltr'><strong>ulio</strong></span> <span class='ocrx_word' id='word_1_95' title='bbox 561 1649 618 1711; x_wconf 89' lang='lat' dir='ltr'><strong>pro</strong></span> <span class='ocrx_word' id='word_1_96' title='bbox 631 1650 682 1694; x_wconf 72' lang='lat' dir='ltr'><strong>eo,</strong></span> <span class='ocrx_word' id='word_1_97' title='bbox 716 1628 759 1694; x_wconf 77' lang='lat' dir='ltr'><strong>tt.</strong></span> <span class='ocrx_word' id='word_1_98' title='bbox 778 1621 975 1694; x_wconf 81' lang='lat' dir='ltr'><strong>Adorumus</strong></span> <span class='ocrx_word' id='word_1_99' title='bbox 995 1631 1031 1693; x_wconf 87' lang='lat' dir='ltr'><strong>le</strong></span> <span class='ocrx_word' id='word_1_100' title='bbox 1051 1618 1186 1695; x_wconf 82' lang='lat' dir='ltr'><strong>christe</strong></span> <span class='ocrx_word' id='word_1_101' title='bbox 1204 1632 1239 1693; x_wconf 87' lang='lat' dir='ltr'><strong>et</strong></span> <span class='ocrx_word' id='word_1_102' title='bbox 1254 1623 1358 1697; x_wconf 86' lang='lat' dir='ltr'><strong>benc-</strong></span> 
     </span>
     <span class='ocr_line' id='line_1_14' title="bbox 77 1719 1357 1818; baseline 0 -23"><span class='ocrx_word' id='word_1_103' title='bbox 77 1727 193 1795; x_wconf 85' lang='lat' dir='ltr'><strong>oimus</strong></span> <span class='ocrx_word' id='word_1_104' title='bbox 210 1722 278 1794; x_wconf 90' lang='lat' dir='ltr'><strong>tibi.</strong></span> <span class='ocrx_word' id='word_1_105' title='bbox 315 1728 358 1813; x_wconf 70' lang='lat' dir='ltr'><strong>Pp.</strong></span> <span class='ocrx_word' id='word_1_106' title='bbox 377 1719 464 1805; x_wconf 81' lang='lat' dir='ltr'><strong>Quia</strong></span> <span class='ocrx_word' id='word_1_107' title='bbox 481 1745 545 1818; x_wconf 88' lang='lat' dir='ltr'><strong>per</strong></span> <span class='ocrx_word' id='word_1_108' title='bbox 563 1732 715 1795; x_wconf 87' lang='lat' dir='ltr'><strong>sanctam</strong></span> <span class='ocrx_word' id='word_1_109' title='bbox 733 1744 872 1794; x_wconf 85' lang='lat' dir='ltr'><strong>erucem</strong></span> <span class='ocrx_word' id='word_1_110' title='bbox 889 1733 982 1794; x_wconf 89' lang='lat' dir='ltr'><strong>tuam</strong></span> <span class='ocrx_word' id='word_1_111' title='bbox 999 1722 1174 1795; x_wconf 77' lang='lat' dir='ltr'><strong>redemisti</strong></span> <span class='ocrx_word' id='word_1_112' title='bbox 1188 1724 1357 1795; x_wconf 87' lang='lat' dir='ltr'><strong>mnndum.</strong></span> 
     </span>
     <span class='ocr_line' id='line_1_15' title="bbox 78 1823 1360 1920; baseline 0.004 -31"><span class='ocrx_word' id='word_1_113' title='bbox 78 1884 82 1889; x_wconf 91' lang='lat'>.</span> <span class='ocrx_word' id='word_1_114' title='bbox 152 1823 264 1912; x_wconf 71' lang='lat' dir='ltr'><strong>Deus,</strong></span> <span class='ocrx_word' id='word_1_115' title='bbox 295 1827 352 1918; x_wconf 88' lang='lat' dir='ltr'><strong>qni</strong></span> <span class='ocrx_word' id='word_1_116' title='bbox 372 1845 435 1917; x_wconf 92' lang='lat' dir='ltr'><strong>pro</strong></span> <span class='ocrx_word' id='word_1_117' title='bbox 458 1823 695 1920; x_wconf 79' lang='lat' dir='ltr'><strong>redemptione</strong></span> <span class='ocrx_word' id='word_1_118' title='bbox 715 1823 832 1895; x_wconf 90' lang='lat' dir='ltr'><strong>mundi</strong></span> <span class='ocrx_word' id='word_1_119' title='bbox 852 1823 993 1897; x_wconf 89' lang='lat' dir='ltr'><strong>voluisti</strong></span> <span class='ocrx_word' id='word_1_120' title='bbox 1015 1826 1129 1914; x_wconf 73' lang='lat' dir='ltr'><strong>nasci,</strong></span> <span class='ocrx_word' id='word_1_121' title='bbox 1151 1824 1360 1911; x_wconf 70' lang='lat' dir='ltr'><strong>circumcidi,</strong></span> 
     </span>
     <span class='ocr_line' id='line_1_16' title="bbox 76 1923 1359 2021; baseline -0.002 -24"><span class='ocrx_word' id='word_1_122' title='bbox 76 1924 238 1997; x_wconf 75' lang='lat' dir='ltr'><strong>ludaeis</strong></span> <span class='ocrx_word' id='word_1_123' title='bbox 264 1924 463 2021; x_wconf 81' lang='lat' dir='ltr'><strong>reprobari,</strong></span> <span class='ocrx_word' id='word_1_124' title='bbox 498 1947 519 1995; x_wconf 92' lang='lat' dir='ltr'><strong>a</strong></span> <span class='ocrx_word' id='word_1_125' title='bbox 545 1925 628 1998; x_wconf 91' lang='lat' dir='ltr'><strong>luda</strong></span> <span class='ocrx_word' id='word_1_126' title='bbox 650 1925 816 1999; x_wconf 77' lang='lat' dir='ltr'><strong>traditore</strong></span> <span class='ocrx_word' id='word_1_127' title='bbox 836 1923 958 1998; x_wconf 92' lang='lat' dir='ltr'><strong>osculo</strong></span> <span class='ocrx_word' id='word_1_128' title='bbox 979 1925 1086 2015; x_wconf 78' lang='lat' dir='ltr'><strong>tradi,</strong></span> <span class='ocrx_word' id='word_1_129' title='bbox 1115 1924 1262 1999; x_wconf 87' lang='lat' dir='ltr'><strong>vinculis</strong></span> <span class='ocrx_word' id='word_1_130' title='bbox 1285 1924 1359 1996; x_wconf 89' lang='lat' dir='ltr'><strong>alli·</strong></span> 
     </span>
     <span class='ocr_line' id='line_1_17' title="bbox 76 2025 1359 2122; baseline -0.002 -21"><span class='ocrx_word' id='word_1_131' title='bbox 76 2029 257 2115; x_wconf 58' lang='lat' dir='ltr'><strong>sum-sicut</strong></span> <span class='ocrx_word' id='word_1_132' title='bbox 282 2048 392 2119; x_wconf 80' lang='lat' dir='ltr'><strong>agnus</strong></span> <span class='ocrx_word' id='word_1_133' title='bbox 414 2029 581 2100; x_wconf 84' lang='lat' dir='ltr'><strong>innocens</strong></span> <span class='ocrx_word' id='word_1_134' title='bbox 602 2026 646 2098; x_wconf 87' lang='lat' dir='ltr'><strong>ad</strong></span> <span class='ocrx_word' id='word_1_135' title='bbox 668 2029 840 2098; x_wconf 90' lang='lat' dir='ltr'><strong>victimam</strong></span> <span class='ocrx_word' id='word_1_136' title='bbox 862 2025 961 2115; x_wconf 78' lang='lat' dir='ltr'><strong>duci,</strong></span> <span class='ocrx_word' id='word_1_137' title='bbox 989 2037 1090 2122; x_wconf 85' lang='lat' dir='ltr'><strong>atque</strong></span> <span class='ocrx_word' id='word_1_138' title='bbox 1116 2026 1359 2122; x_wconf 77' lang='lat' dir='ltr'><strong>conspectibus</strong></span> 
     </span>
     <span class='ocr_line' id='line_1_18' title="bbox 76 2126 1357 2223; baseline -0.001 -23"><span class='ocrx_word' id='word_1_139' title='bbox 76 2150 189 2217; x_wconf 72' lang='lat' dir='ltr'><strong>unae,</strong></span> <span class='ocrx_word' id='word_1_140' title='bbox 218 2126 387 2223; x_wconf 72' lang='lat' dir='ltr'><strong>Caiphae,</strong></span> <span class='ocrx_word' id='word_1_141' title='bbox 414 2128 513 2199; x_wconf 89' lang='lat' dir='ltr'><strong>Pilati</strong></span> <span class='ocrx_word' id='word_1_142' title='bbox 539 2138 574 2199; x_wconf 90' lang='lat' dir='ltr'><strong>et</strong></span> <span class='ocrx_word' id='word_1_143' title='bbox 591 2126 741 2201; x_wconf 88' lang='lat' dir='ltr'><strong>Herodis</strong></span> <span class='ocrx_word' id='word_1_144' title='bbox 768 2128 968 2200; x_wconf 88' lang='lat' dir='ltr'><strong>indecenter</strong></span> <span class='ocrx_word' id='word_1_145' title='bbox 987 2128 1123 2217; x_wconf 78' lang='lat' dir='ltr'><strong>offerri,</strong></span> <span class='ocrx_word' id='word_1_146' title='bbox 1151 2127 1288 2209; x_wconf 84' lang='lat' dir='ltr'><strong>alalsis</strong></span> <span class='ocrx_word' id='word_1_147' title='bbox 1307 2138 1357 2199; x_wconf 90' lang='lat' dir='ltr'><strong>te-</strong></span> 
     </span>
     <span class='ocr_line' id='line_1_19' title="bbox 76 2227 1358 2325; baseline -0.003 -22"><span class='ocrx_word' id='word_1_148' title='bbox 76 2229 153 2304; x_wconf 82' lang='lat' dir='ltr'><strong>iltus</strong></span> <span class='ocrx_word' id='word_1_149' title='bbox 179 2231 349 2318; x_wconf 82' lang='lat' dir='ltr'><strong>accusari,</strong></span> <span class='ocrx_word' id='word_1_150' title='bbox 369 2227 517 2321; x_wconf 78' lang='lat' dir='ltr'><strong>flagellis</strong></span> <span class='ocrx_word' id='word_1_151' title='bbox 539 2238 574 2301; x_wconf 87' lang='lat' dir='ltr'><strong>et</strong></span> <span class='ocrx_word' id='word_1_152' title='bbox 600 2228 795 2325; x_wconf 84' lang='lat' dir='ltr'><strong>opprobriis</strong></span> <span class='ocrx_word' id='word_1_153' title='bbox 816 2232 953 2317; x_wconf 74' lang='lat' dir='ltr'><strong>vexari,</strong></span> <span class='ocrx_word' id='word_1_154' title='bbox 972 2231 1087 2325; x_wconf 86' lang='lat' dir='ltr'><strong>sputis</strong></span> <span class='ocrx_word' id='word_1_155' title='bbox 1110 2230 1267 2324; x_wconf 70' lang='lat' dir='ltr'><strong>conspui,</strong></span> <span class='ocrx_word' id='word_1_156' title='bbox 1289 2232 1358 2324; x_wconf 91' lang='lat' dir='ltr'><strong>spi-</strong></span> 
     </span>
     <span class='ocr_line' id='line_1_20' title="bbox 76 2329 1358 2427; baseline -0.003 -20"><span class='ocrx_word' id='word_1_157' title='bbox 76 2334 100 2407; x_wconf 89' lang='lat' dir='ltr'><strong>ls</strong></span> <span class='ocrx_word' id='word_1_158' title='bbox 126 2334 298 2421; x_wconf 88' lang='lat' dir='ltr'><strong>coronari,</strong></span> <span class='ocrx_word' id='word_1_159' title='bbox 321 2330 477 2427; x_wconf 90' lang='lat' dir='ltr'><strong>colaphis</strong></span> <span class='ocrx_word' id='word_1_160' title='bbox 502 2330 614 2421; x_wconf 73' lang='lat' dir='ltr'><strong>caedi,</strong></span> <span class='ocrx_word' id='word_1_161' title='bbox 636 2329 803 2403; x_wconf 85' lang='lat' dir='ltr'><strong>arundine</strong></span> <span class='ocrx_word' id='word_1_162' title='bbox 827 2333 974 2427; x_wconf 81' lang='lat' dir='ltr'><strong>percuti,</strong></span> <span class='ocrx_word' id='word_1_163' title='bbox 994 2330 1084 2403; x_wconf 83' lang='lat' dir='ltr'><strong>facie</strong></span> <span class='ocrx_word' id='word_1_164' title='bbox 1105 2331 1230 2419; x_wconf 78' lang='lat' dir='ltr'><strong>velari,</strong></span> <span class='ocrx_word' id='word_1_165' title='bbox 1252 2335 1358 2403; x_wconf 81' lang='lat' dir='ltr'><strong>vesti-</strong></span> 
     </span>
     <span class='ocr_line' id='line_1_21' title="bbox 76 2430 1359 2525; baseline -0.003 -18"><span class='ocrx_word' id='word_1_166' title='bbox 76 2454 110 2507; x_wconf 87' lang='lat' dir='ltr'><strong>us</strong></span> <span class='ocrx_word' id='word_1_167' title='bbox 139 2437 241 2521; x_wconf 78' lang='lat' dir='ltr'><strong>exui,</strong></span> <span class='ocrx_word' id='word_1_168' title='bbox 273 2435 368 2505; x_wconf 90' lang='lat' dir='ltr'><strong>cruci</strong></span> <span class='ocrx_word' id='word_1_169' title='bbox 394 2432 504 2506; x_wconf 84' lang='lat' dir='ltr'><strong>clavis</strong></span> <span class='ocrx_word' id='word_1_170' title='bbox 531 2430 645 2525; x_wconf 72' lang='lat' dir='ltr'><strong>alfigi,</strong></span> <span class='ocrx_word' id='word_1_171' title='bbox 672 2434 707 2505; x_wconf 90' lang='lat' dir='ltr'><strong>iu</strong></span> <span class='ocrx_word' id='word_1_172' title='bbox 730 2454 835 2505; x_wconf 88' lang='lat' dir='ltr'><strong>cruca</strong></span> <span class='ocrx_word' id='word_1_173' title='bbox 853 2433 985 2521; x_wconf 76' lang='lat' dir='ltr'><strong>levari,</strong></span> <span class='ocrx_word' id='word_1_174' title='bbox 1011 2433 1101 2504; x_wconf 88' lang='lat' dir='ltr'><strong>inter</strong></span> <span class='ocrx_word' id='word_1_175' title='bbox 1122 2432 1276 2515; x_wconf 80' lang='lat' dir='ltr'><strong>latrones</strong></span> <span class='ocrx_word' id='word_1_176' title='bbox 1297 2431 1359 2503; x_wconf 89' lang='lat' dir='ltr'><strong>de·</strong></span> 
     </span>
     <span class='ocr_line' id='line_1_22' title="bbox 76 2530 1359 2630; baseline -0.001 -25"><span class='ocrx_word' id='word_1_177' title='bbox 76 2537 169 2625; x_wconf 81' lang='lat' dir='ltr'><strong>utari,</strong></span> <span class='ocrx_word' id='word_1_178' title='bbox 191 2534 274 2607; x_wconf 86' lang='lat' dir='ltr'><strong>lolle</strong></span> <span class='ocrx_word' id='word_1_179' title='bbox 297 2545 332 2607; x_wconf 91' lang='lat' dir='ltr'><strong>et</strong></span> <span class='ocrx_word' id='word_1_180' title='bbox 356 2544 456 2607; x_wconf 89' lang='lat' dir='ltr'><strong>aceto</strong></span> <span class='ocrx_word' id='word_1_181' title='bbox 484 2537 609 2630; x_wconf 81' lang='lat' dir='ltr'><strong>potari,</strong></span> <span class='ocrx_word' id='word_1_182' title='bbox 630 2544 665 2607; x_wconf 89' lang='lat' dir='ltr'><strong>et</strong></span> <span class='ocrx_word' id='word_1_183' title='bbox 685 2534 808 2607; x_wconf 88' lang='lat' dir='ltr'><strong>lancea</strong></span> <span class='ocrx_word' id='word_1_184' title='bbox 829 2534 1016 2605; x_wconf 83' lang='lat' dir='ltr'><strong>vulnerari</strong></span> <span class='ocrx_word' id='word_1_185' title='bbox 1056 2530 1110 2604; x_wconf 85' lang='grc' dir='ltr'><strong>Τιι</strong></span> <span class='ocrx_word' id='word_1_186' title='bbox 1129 2532 1276 2602; x_wconf 86' lang='lat' dir='ltr'><strong>Domine</strong></span> <span class='ocrx_word' id='word_1_187' title='bbox 1295 2554 1359 2627; x_wconf 90' lang='lat' dir='ltr'><strong>per</strong></span> 
     </span>
     <span class='ocr_line' id='line_1_23' title="bbox 76 2633 1359 2733; baseline -0.002 -22"><span class='ocrx_word' id='word_1_188' title='bbox 76 2656 107 2711; x_wconf 81' lang='lat' dir='ltr'><strong>ts</strong></span> <span class='ocrx_word' id='word_1_189' title='bbox 132 2639 364 2713; x_wconf 85' lang='lat' dir='ltr'><strong>sanctissimas</strong></span> <span class='ocrx_word' id='word_1_190' title='bbox 384 2656 517 2733; x_wconf 89' lang='lat' dir='ltr'><strong>poenas</strong></span> <span class='ocrx_word' id='word_1_191' title='bbox 542 2646 640 2724; x_wconf 78' lang='lat' dir='ltr'><strong>tuas,</strong></span> <span class='ocrx_word' id='word_1_192' title='bbox 673 2656 759 2731; x_wconf 82' lang='lat' dir='ltr'><strong>quas</strong></span> <span class='ocrx_word' id='word_1_193' title='bbox 785 2658 852 2727; x_wconf 82' lang='lat' dir='ltr'><strong>ego</strong></span> <span class='ocrx_word' id='word_1_194' title='bbox 875 2633 1035 2727; x_wconf 78' lang='lat' dir='ltr'><strong>indignus</strong></span> <span class='ocrx_word' id='word_1_195' title='bbox 1060 2634 1201 2721; x_wconf 74' lang='lat' dir='ltr'><strong>recolo,</strong></span> <span class='ocrx_word' id='word_1_196' title='bbox 1235 2642 1270 2715; x_wconf 79' lang='lat' dir='ltr'><strong>et</strong></span> <span class='ocrx_word' id='word_1_197' title='bbox 1295 2654 1359 2728; x_wconf 85' lang='lat' dir='ltr'><strong>per</strong></span> 
     </span>
     <span class='ocr_line' id='line_1_24' title="bbox 76 2731 1358 2831; baseline -0.003 -20"><span class='ocrx_word' id='word_1_198' title='bbox 76 2750 198 2811; x_wconf 81' lang='lat' dir='ltr'><strong>metum</strong></span> <span class='ocrx_word' id='word_1_199' title='bbox 218 2760 357 2810; x_wconf 91' lang='lat' dir='ltr'><strong>crucem</strong></span> <span class='ocrx_word' id='word_1_200' title='bbox 379 2747 413 2810; x_wconf 88' lang='lat' dir='ltr'><strong>et</strong></span> <span class='ocrx_word' id='word_1_201' title='bbox 434 2746 579 2811; x_wconf 88' lang='lat' dir='ltr'><strong>mortem</strong></span> <span class='ocrx_word' id='word_1_202' title='bbox 598 2748 690 2810; x_wconf 79' lang='lat' dir='ltr'><strong>mam</strong></span> <span class='ocrx_word' id='word_1_203' title='bbox 710 2736 820 2811; x_wconf 89' lang='lat' dir='ltr'><strong>libera</strong></span> <span class='ocrx_word' id='word_1_204' title='bbox 837 2758 892 2810; x_wconf 92' lang='lat' dir='ltr'><strong>me</strong></span> <span class='ocrx_word' id='word_1_205' title='bbox 910 2733 1089 2829; x_wconf 85' lang='lat' dir='ltr'><strong>(famulum</strong></span> <span class='ocrx_word' id='word_1_206' title='bbox 1106 2731 1217 2831; x_wconf 88' lang='lat' dir='ltr'><strong>tuum)</strong></span> <span class='ocrx_word' id='word_1_207' title='bbox 1235 2756 1256 2819; x_wconf 83' lang='lat' dir='ltr'><strong>a</strong></span> <span class='ocrx_word' id='word_1_208' title='bbox 1272 2756 1358 2830; x_wconf 70' lang='lat' dir='ltr'><strong>poe</strong></span> 
     </span>
     <span class='ocr_line' id='line_1_25' title="bbox 76 2838 1358 2935; baseline -0.003 -22"><span class='ocrx_word' id='word_1_209' title='bbox 76 2838 95 2913; x_wconf 81' lang='lat' dir='ltr'><strong>lt</strong></span> <span class='ocrx_word' id='word_1_210' title='bbox 123 2840 251 2913; x_wconf 87' lang='lat' dir='ltr'><strong>iniemi</strong></span> <span class='ocrx_word' id='word_1_211' title='bbox 276 2850 312 2911; x_wconf 90' lang='lat' dir='ltr'><strong>et</strong></span> <span class='ocrx_word' id='word_1_212' title='bbox 331 2841 524 2935; x_wconf 88' lang='lat' dir='ltr'><strong>perducere</strong></span> <span class='ocrx_word' id='word_1_213' title='bbox 544 2839 716 2933; x_wconf 73' lang='lat' dir='ltr'><strong>digneris,</strong></span> <span class='ocrx_word' id='word_1_214' title='bbox 742 2861 812 2935; x_wconf 83' lang='lat' dir='ltr'><strong>quc</strong></span> <span class='ocrx_word' id='word_1_215' title='bbox 836 2838 1027 2935; x_wconf 83' lang='lat' dir='ltr'><strong>perduxisti</strong></span> <span class='ocrx_word' id='word_1_216' title='bbox 1053 2838 1221 2910; x_wconf 90' lang='lat' dir='ltr'><strong>latronem</strong></span> <span class='ocrx_word' id='word_1_217' title='bbox 1242 2845 1358 2909; x_wconf 88' lang='lat' dir='ltr'><strong>tecum</strong></span> 
     </span>
     <span class='ocr_line' id='line_1_26' title="bbox 76 2939 682 3025; baseline -0.007 -10"><span class='ocrx_word' id='word_1_218' title='bbox 76 2941 256 3015; x_wconf 82' lang='lat' dir='ltr'><strong>ucidxum</strong></span> <span class='ocrx_word' id='word_1_219' title='bbox 310 2939 377 3025; x_wconf 82' lang='lat' dir='ltr'><strong>Qut</strong></span> <span class='ocrx_word' id='word_1_220' title='bbox 399 2963 475 3013; x_wconf 91' lang='lat' dir='ltr'><strong>cum</strong></span> <span class='ocrx_word' id='word_1_221' title='bbox 494 2942 595 3013; x_wconf 86' lang='lat' dir='ltr'><strong>Patre</strong></span> <span class='ocrx_word' id='word_1_222' title='bbox 618 2951 682 3013; x_wconf 90' lang='lat' dir='ltr'><strong>etc.</strong></span> 
     </span>
    </p>

    <p class='ocr_par' dir='ltr' id='par_1_10' title="bbox 75 3036 1357 3240">
     <span class='ocr_line' id='line_1_27' title="bbox 149 3036 1357 3133; baseline -0.006 -18"><span class='ocrx_word' id='word_1_223' title='bbox 149 3054 217 3115; x_wconf 80' lang='lat' dir='ltr'><strong>Dici</strong></span> <span class='ocrx_word' id='word_1_224' title='bbox 235 3062 389 3133; x_wconf 85' lang='lat' dir='ltr'><strong>praeterea</strong></span> <span class='ocrx_word' id='word_1_225' title='bbox 411 3061 537 3133; x_wconf 84' lang='lat' dir='ltr'><strong>possunt</strong></span> <span class='ocrx_word' id='word_1_226' title='bbox 555 3062 715 3131; x_wconf 84' lang='lat' dir='ltr'><strong>sequentes</strong></span> <span class='ocrx_word' id='word_1_227' title='bbox 735 3052 857 3115; x_wconf 81' lang='lat' dir='ltr'><strong>Psalmi:</strong></span> <span class='ocrx_word' id='word_1_228' title='bbox 878 3038 1016 3111; x_wconf 84' lang='lat' dir='ltr'>CXVII.</span> <span class='ocrx_word' id='word_1_229' title='bbox 1052 3036 1265 3110; x_wconf 72' lang='lat' dir='ltr'><strong>confilemini</strong></span> <span class='ocrx_word' id='word_1_230' title='bbox 1286 3037 1357 3108; x_wconf 86' lang='lat' dir='ltr'><strong>Do·</strong></span> 
     </span>
     <span class='ocr_line' id='line_1_28' title="bbox 75 3139 1356 3240; baseline -0.006 -21"><span class='ocrx_word' id='word_1_231' title='bbox 75 3151 136 3219; x_wconf 90' lang='lat' dir='ltr'><strong>ino</strong></span> <span class='ocrx_word' id='word_1_232' title='bbox 152 3149 312 3240; x_wconf 85' lang='lat' dir='ltr'><strong>quoniam</strong></span> <span class='ocrx_word' id='word_1_233' title='bbox 325 3145 445 3217; x_wconf 89' lang='lat' dir='ltr'><strong>bonus.</strong></span> <span class='ocrx_word' id='word_1_234' title='bbox 468 3142 611 3214; x_wconf 83' lang='lat' dir='ltr'><strong>cxvttl</strong></span> <span class='ocrx_word' id='word_1_235' title='bbox 620 3142 721 3215; x_wconf 87' lang='lat' dir='ltr'><strong>Beati</strong></span> <span class='ocrx_word' id='word_1_236' title='bbox 732 3142 937 3214; x_wconf 87' lang='lat' dir='ltr'><strong>immaculati</strong></span> <span class='ocrx_word' id='word_1_237' title='bbox 950 3139 1153 3211; x_wconf 80' lang='lat' dir='ltr'><strong>atRetrilrue</strong></span> <span class='ocrx_word' id='word_1_238' title='bbox 1166 3161 1272 3212; x_wconf 87' lang='lat' dir='ltr'><strong>servo</strong></span> <span class='ocrx_word' id='word_1_239' title='bbox 1286 3150 1356 3213; x_wconf 89' lang='lat' dir='ltr'><strong>tuo.</strong></span> 
     </span>
    </p>

    <p class='ocr_par' dir='ltr' id='par_1_11' title="bbox 75 3238 1358 3545">
     <span class='ocr_line' id='line_1_29' title="bbox 146 3238 1358 3336; baseline -0.006 -19"><span class='ocrx_word' id='word_1_240' title='bbox 146 3254 224 3317; x_wconf 77' lang='lat' dir='ltr'><strong>Tres</strong></span> <span class='ocrx_word' id='word_1_241' title='bbox 240 3258 308 3336; x_wconf 87' lang='lat' dir='ltr'><strong>piae</strong></span> <span class='ocrx_word' id='word_1_242' title='bbox 332 3265 364 3316; x_wconf 90' lang='lat' dir='ltr'><strong>et</strong></span> <span class='ocrx_word' id='word_1_243' title='bbox 387 3254 476 3315; x_wconf 83' lang='lat' dir='ltr'><strong>utiles</strong></span> <span class='ocrx_word' id='word_1_244' title='bbox 495 3254 688 3315; x_wconf 81' lang='lat' dir='ltr'><strong>morieutlltus</strong></span> <span class='ocrx_word' id='word_1_245' title='bbox 702 3252 861 3315; x_wconf 81' lang='lat' dir='ltr'><strong>Orationes</strong></span> <span class='ocrx_word' id='word_1_246' title='bbox 880 3270 945 3313; x_wconf 91' lang='lat' dir='ltr'><strong>cunr</strong></span> <span class='ocrx_word' id='word_1_247' title='bbox 962 3250 1057 3311; x_wconf 80' lang='lat' dir='ltr'><strong>tritus</strong></span> <span class='ocrx_word' id='word_1_248' title='bbox 1070 3240 1174 3312; x_wconf 84' lang='lat' dir='ltr'><strong>Putet·</strong></span> <span class='ocrx_word' id='word_1_249' title='bbox 1186 3238 1314 3313; x_wconf 80' lang='lat' dir='ltr'><strong>Noster</strong></span> <span class='ocrx_word' id='word_1_250' title='bbox 1326 3258 1358 3311; x_wconf 86' lang='lat' dir='ltr'><strong>et</strong></span> 
     </span>
     <span class='ocr_line' id='line_1_30' title="bbox 75 3341 1354 3437; baseline -0.007 -17"><span class='ocrx_word' id='word_1_251' title='bbox 75 3360 138 3429; x_wconf 75' lang='lat' dir='ltr'><strong>trus</strong></span> <span class='ocrx_word' id='word_1_252' title='bbox 151 3347 357 3420; x_wconf 75' lang='lat' dir='ltr'><strong>Atellania</strong></span> <span class='ocrx_word' id='word_1_253' title='bbox 370 3358 399 3419; x_wconf 89' lang='lat' dir='ltr'><strong>iu</strong></span> <span class='ocrx_word' id='word_1_254' title='bbox 414 3373 512 3435; x_wconf 73' lang='lat' dir='ltr'><strong>agone</strong></span> <span class='ocrx_word' id='word_1_255' title='bbox 526 3356 629 3417; x_wconf 83' lang='lat' dir='ltr'><strong>mortis</strong></span> <span class='ocrx_word' id='word_1_256' title='bbox 642 3354 821 3417; x_wconf 86' lang='lat' dir='ltr'><strong>recituudae.</strong></span> <span class='ocrx_word' id='word_1_257' title='bbox 853 3353 952 3415; x_wconf 90' lang='lat' dir='ltr'><strong>Primo</strong></span> <span class='ocrx_word' id='word_1_258' title='bbox 968 3350 1077 3413; x_wconf 89' lang='lat' dir='ltr'><strong>dicitnr</strong></span> <span class='ocrx_word' id='word_1_259' title='bbox 1088 3341 1196 3437; x_wconf 73' lang='lat' dir='ltr'><strong>Kyrle</strong></span> <span class='ocrx_word' id='word_1_260' title='bbox 1210 3342 1354 3415; x_wconf 79' lang='lat' dir='ltr'><strong>eleison.</strong></span> 
     </span>
     <span class='ocr_line' id='line_1_31' title="bbox 75 3440 1166 3545; baseline -0.009 -19"><span class='ocrx_word' id='word_1_261' title='bbox 75 3454 185 3527; x_wconf 80' lang='lat' dir='ltr'><strong>triste</strong></span> <span class='ocrx_word' id='word_1_262' title='bbox 207 3450 351 3523; x_wconf 82' lang='lat' dir='ltr'><strong>cleison.</strong></span> <span class='ocrx_word' id='word_1_263' title='bbox 394 3448 503 3545; x_wconf 80' lang='lat' dir='ltr'><strong>Kyrie</strong></span> <span class='ocrx_word' id='word_1_264' title='bbox 526 3448 671 3545; x_wconf 84' lang='lat' dir='ltr'><strong>eleison.</strong></span> <span class='ocrx_word' id='word_1_265' title='bbox 715 3448 796 3529; x_wconf 80' lang='lat' dir='ltr'><strong>Ave</strong></span> <span class='ocrx_word' id='word_1_266' title='bbox 817 3444 937 3543; x_wconf 72' lang='lat' dir='ltr'><strong>illaria·</strong></span> <span class='ocrx_word' id='word_1_267' title='bbox 945 3440 977 3543; x_wconf 90' lang='lat'><strong>¹)</strong></span> <span class='ocrx_word' id='word_1_268' title='bbox 1107 3528 1127 3539; x_wconf 28' lang='grc' dir='ltr'><strong>Ι,</strong></span> <span class='ocrx_word' id='word_1_269' title='bbox 1162 3450 1166 3459; x_wconf 90' lang='grc'><strong>’</strong></span> 
     </span>
    </p>
   </div>
   <div class='ocr_carea' id='block_1_3' title="bbox 75 3730 1357 4650">
    <p class='ocr_par' dir='ltr' id='par_1_12' title="bbox 75 3730 1357 4650">
     <span class='ocr_line' id='line_1_32' title="bbox 101 3730 1355 3813; baseline -0.006 -19"><span class='ocrx_word' id='word_1_270' title='bbox 101 3736 135 3813; x_wconf 87' lang='lat' dir='ltr'><strong>t)</strong></span> <span class='ocrx_word' id='word_1_271' title='bbox 151 3738 251 3797; x_wconf 77' lang='lat' dir='ltr'><strong>Fertur</strong></span> <span class='ocrx_word' id='word_1_272' title='bbox 263 3739 299 3797; x_wconf 80' lang='lat' dir='ltr'><strong>de</strong></span> <span class='ocrx_word' id='word_1_273' title='bbox 313 3739 355 3796; x_wconf 79' lang='lat' dir='ltr'><strong>his</strong></span> <span class='ocrx_word' id='word_1_274' title='bbox 368 3739 454 3795; x_wconf 80' lang='lat' dir='ltr'><strong>tribus</strong></span> <span class='ocrx_word' id='word_1_275' title='bbox 467 3739 637 3799; x_wconf 76' lang='lat' dir='ltr'><strong>orationibus</strong></span> <span class='ocrx_word' id='word_1_276' title='bbox 649 3742 731 3810; x_wconf 80' lang='lat' dir='ltr'><strong>(quae</strong></span> <span class='ocrx_word' id='word_1_277' title='bbox 744 3739 772 3795; x_wconf 87' lang='lat' dir='ltr'><strong>ia</strong></span> <span class='ocrx_word' id='word_1_278' title='bbox 787 3735 922 3795; x_wconf 82' lang='lat' dir='ltr'><strong>nonnullis</strong></span> <span class='ocrx_word' id='word_1_279' title='bbox 934 3735 1083 3801; x_wconf 75' lang='lat' dir='ltr'><strong>ltituulilps</strong></span> <span class='ocrx_word' id='word_1_280' title='bbox 1097 3750 1212 3806; x_wconf 83' lang='lat' dir='ltr'><strong>prorsus</strong></span> <span class='ocrx_word' id='word_1_281' title='bbox 1227 3730 1355 3788; x_wconf 82' lang='lat' dir='ltr'><strong>omittun-</strong></span> 
     </span>
     <span class='ocr_line' id='line_1_33' title="bbox 75 3812 1356 3899; baseline -0.009 -20"><span class='ocrx_word' id='word_1_282' title='bbox 75 3821 98 3899; x_wconf 87' lang='lat'><strong>·)</strong></span> <span class='ocrx_word' id='word_1_283' title='bbox 113 3824 242 3881; x_wconf 78' lang='lat' dir='ltr'><strong>curculio</strong></span> <span class='ocrx_word' id='word_1_284' title='bbox 257 3823 406 3896; x_wconf 81' lang='lat' dir='ltr'><strong>quaedam,</strong></span> <span class='ocrx_word' id='word_1_285' title='bbox 424 3839 475 3879; x_wconf 87' lang='lat' dir='ltr'><strong>uec</strong></span> <span class='ocrx_word' id='word_1_286' title='bbox 490 3831 577 3881; x_wconf 81' lang='lat' dir='ltr'><strong>tumen</strong></span> <span class='ocrx_word' id='word_1_287' title='bbox 593 3825 766 3883; x_wconf 74' lang='lat' dir='ltr'><strong>confirmatur</strong></span> <span class='ocrx_word' id='word_1_288' title='bbox 781 3818 945 3879; x_wconf 80' lang='lat' dir='ltr'><strong>auctoritate</strong></span> <span class='ocrx_word' id='word_1_289' title='bbox 960 3820 1105 3879; x_wconf 77' lang='lat' dir='ltr'><strong>ccclesiae.</strong></span> <span class='ocrx_word' id='word_1_290' title='bbox 1147 3817 1234 3888; x_wconf 80' lang='lat' dir='ltr'><strong>„Erat</strong></span> <span class='ocrx_word' id='word_1_291' title='bbox 1249 3812 1356 3885; x_wconf 79' lang='lat' dir='ltr'><strong>quidun</strong></span> 
     </span>
     <span class='ocr_line' id='line_1_34' title="bbox 75 3898 1357 3981; baseline -0.011 -17"><span class='ocrx_word' id='word_1_292' title='bbox 75 3923 115 3981; x_wconf 73' lang='lat' dir='ltr'><strong>pfl</strong></span> <span class='ocrx_word' id='word_1_293' title='bbox 131 3907 185 3978; x_wconf 82' lang='lat' dir='ltr'><strong>qui.</strong></span> <span class='ocrx_word' id='word_1_294' title='bbox 195 3907 259 3965; x_wconf 86' lang='lat' dir='ltr'><strong>dum</strong></span> <span class='ocrx_word' id='word_1_295' title='bbox 272 3908 308 3964; x_wconf 80' lang='lat' dir='ltr'><strong>ud</strong></span> <span class='ocrx_word' id='word_1_296' title='bbox 321 3913 441 3965; x_wconf 77' lang='lat' dir='ltr'><strong>extrema</strong></span> <span class='ocrx_word' id='word_1_297' title='bbox 456 3908 586 3976; x_wconf 74' lang='lat' dir='ltr'><strong>summast,</strong></span> <span class='ocrx_word' id='word_1_298' title='bbox 601 3906 791 3977; x_wconf 75' lang='lat' dir='ltr'><strong>interrogabat</strong></span> <span class='ocrx_word' id='word_1_299' title='bbox 799 3906 972 3977; x_wconf 73' lang='lat' dir='ltr'><strong>cipettanun</strong></span> <span class='ocrx_word' id='word_1_300' title='bbox 984 3920 1071 3972; x_wconf 84' lang='lat' dir='ltr'><strong>suum,</strong></span> <span class='ocrx_word' id='word_1_301' title='bbox 1087 3901 1174 3958; x_wconf 76' lang='lat' dir='ltr'><strong>virum</strong></span> <span class='ocrx_word' id='word_1_302' title='bbox 1187 3898 1315 3955; x_wconf 84' lang='lat' dir='ltr'><strong>idoneum</strong></span> <span class='ocrx_word' id='word_1_303' title='bbox 1329 3902 1357 3951; x_wconf 88' lang='lat' dir='ltr'><strong>et</strong></span> 
     </span>
     <span class='ocr_line' id='line_1_35' title="bbox 75 3978 1356 4065; baseline -0.009 -16"><span class='ocrx_word' id='word_1_304' title='bbox 75 3999 192 4060; x_wconf 76' lang='lat' dir='ltr'><strong>rutum,</strong></span> <span class='ocrx_word' id='word_1_305' title='bbox 212 4008 290 4063; x_wconf 81' lang='lat' dir='ltr'><strong>quem</strong></span> <span class='ocrx_word' id='word_1_306' title='bbox 311 3992 451 4065; x_wconf 86' lang='lat' dir='ltr'><strong>plurimum</strong></span> <span class='ocrx_word' id='word_1_307' title='bbox 472 3992 619 4062; x_wconf 74' lang='lat' dir='ltr'><strong>diligebat,</strong></span> <span class='ocrx_word' id='word_1_308' title='bbox 640 3992 736 4063; x_wconf 82' lang='lat' dir='ltr'><strong>quibua</strong></span> <span class='ocrx_word' id='word_1_309' title='bbox 750 3990 887 4060; x_wconf 72' lang='lat' dir='ltr'><strong>suffragiis</strong></span> <span class='ocrx_word' id='word_1_310' title='bbox 902 3996 964 4059; x_wconf 83' lang='lat' dir='ltr'><strong>post</strong></span> <span class='ocrx_word' id='word_1_311' title='bbox 979 3994 1094 4043; x_wconf 86' lang='lat' dir='ltr'><strong>mortem</strong></span> <span class='ocrx_word' id='word_1_312' title='bbox 1108 4001 1169 4041; x_wconf 91' lang='lat' dir='ltr'><strong>eum</strong></span> <span class='ocrx_word' id='word_1_313' title='bbox 1186 3982 1271 4037; x_wconf 83' lang='lat' dir='ltr'><strong>vellet</strong></span> <span class='ocrx_word' id='word_1_314' title='bbox 1284 3978 1356 4052; x_wconf 73' lang='lat' dir='ltr'><strong>apud</strong></span> 
     </span>
     <span class='ocr_line' id='line_1_36' title="bbox 75 4064 1357 4148; baseline -0.009 -17"><span class='ocrx_word' id='word_1_315' title='bbox 75 4090 129 4131; x_wconf 79' lang='lat' dir='ltr'><strong>mm</strong></span> <span class='ocrx_word' id='word_1_316' title='bbox 143 4075 250 4133; x_wconf 79' lang='lat' dir='ltr'><strong>iuvare.</strong></span> <span class='ocrx_word' id='word_1_317' title='bbox 281 4076 332 4143; x_wconf 80' lang='lat' dir='ltr'><strong>Qui</strong></span> <span class='ocrx_word' id='word_1_318' title='bbox 347 4074 502 4148; x_wconf 83' lang='lat' dir='ltr'><strong>respoudit:</strong></span> <span class='ocrx_word' id='word_1_319' title='bbox 517 4076 590 4148; x_wconf 69' lang='grc' dir='ltr'><strong>ιιιιοιι</strong></span> <span class='ocrx_word' id='word_1_320' title='bbox 604 4076 728 4133; x_wconf 79' lang='lat' dir='ltr'><strong>omuibus</strong></span> <span class='ocrx_word' id='word_1_321' title='bbox 743 4074 842 4139; x_wconf 84' lang='lat' dir='ltr'><strong>modia,</strong></span> <span class='ocrx_word' id='word_1_322' title='bbox 856 4071 953 4143; x_wconf 84' lang='lat' dir='ltr'><strong>quibua</strong></span> <span class='ocrx_word' id='word_1_323' title='bbox 966 4077 1062 4143; x_wconf 74' lang='lat' dir='ltr'><strong>poscet</strong></span> <span class='ocrx_word' id='word_1_324' title='bbox 1075 4076 1103 4125; x_wconf 86' lang='lat' dir='ltr'><strong>ct</strong></span> <span class='ocrx_word' id='word_1_325' title='bbox 1117 4080 1302 4138; x_wconf 70' lang='lat' dir='ltr'><strong>quaecumque</strong></span> <span class='ocrx_word' id='word_1_326' title='bbox 1314 4064 1357 4119; x_wconf 89' lang='lat' dir='ltr'><strong>iu-</strong></span> 
     </span>
     <span class='ocr_line' id='line_1_37' title="bbox 76 4148 1356 4231; baseline -0.009 -16"><span class='ocrx_word' id='word_1_327' title='bbox 76 4166 126 4216; x_wconf 85' lang='lat' dir='ltr'><strong>ret</strong></span> <span class='ocrx_word' id='word_1_328' title='bbox 148 4176 202 4231; x_wconf 90' lang='lat' dir='ltr'><strong>pro</strong></span> <span class='ocrx_word' id='word_1_329' title='bbox 221 4161 309 4217; x_wconf 67' lang='grc' dir='ltr'><strong>ιεΙιιιο</strong></span> <span class='ocrx_word' id='word_1_330' title='bbox 332 4160 437 4217; x_wconf 73' lang='lat' dir='ltr'><strong>nunnae</strong></span> <span class='ocrx_word' id='word_1_331' title='bbox 458 4176 524 4217; x_wconf 84' lang='lat' dir='ltr'><strong>auus</strong></span> <span class='ocrx_word' id='word_1_332' title='bbox 544 4160 636 4217; x_wconf 83' lang='lat' dir='ltr'><strong>lucere</strong></span> <span class='ocrx_word' id='word_1_333' title='bbox 656 4160 749 4218; x_wconf 83' lang='lat' dir='ltr'><strong>vellet.</strong></span> <span class='ocrx_word' id='word_1_334' title='bbox 777 4157 812 4214; x_wconf 86' lang='lat' dir='ltr'><strong>llt</strong></span> <span class='ocrx_word' id='word_1_335' title='bbox 826 4157 898 4225; x_wconf 77' lang='lat' dir='ltr'><strong>Papa</strong></span> <span class='ocrx_word' id='word_1_336' title='bbox 911 4154 975 4209; x_wconf 77' lang='lat' dir='ltr'><strong>aitz.</strong></span> <span class='ocrx_word' id='word_1_337' title='bbox 986 4152 1044 4217; x_wconf 80' lang='lat' dir='ltr'><strong>llou</strong></span> <span class='ocrx_word' id='word_1_338' title='bbox 1059 4158 1124 4224; x_wconf 89' lang='lat' dir='ltr'><strong>pcto</strong></span> <span class='ocrx_word' id='word_1_339' title='bbox 1139 4148 1251 4221; x_wconf 74' lang='lat' dir='ltr'><strong>aliquod</strong></span> <span class='ocrx_word' id='word_1_340' title='bbox 1264 4149 1313 4207; x_wconf 83' lang='lat' dir='ltr'><strong>abs</strong></span> <span class='ocrx_word' id='word_1_341' title='bbox 1329 4155 1356 4211; x_wconf 80' lang='lat' dir='ltr'><strong>ta</strong></span> 
     </span>
     <span class='ocr_line' id='line_1_38' title="bbox 75 4231 1356 4314; baseline -0.011 -13"><span class='ocrx_word' id='word_1_342' title='bbox 75 4242 195 4301; x_wconf 78' lang='lat' dir='ltr'><strong>beidium</strong></span> <span class='ocrx_word' id='word_1_343' title='bbox 210 4244 262 4301; x_wconf 81' lang='lat' dir='ltr'><strong>uisi</strong></span> <span class='ocrx_word' id='word_1_344' title='bbox 278 4244 340 4300; x_wconf 91' lang='lat' dir='ltr'><strong>dum</strong></span> <span class='ocrx_word' id='word_1_345' title='bbox 355 4244 473 4314; x_wconf 82' lang='lat' dir='ltr'><strong>rideris,</strong></span> <span class='ocrx_word' id='word_1_346' title='bbox 489 4260 531 4299; x_wconf 86' lang='lat' dir='ltr'><strong>mc</strong></span> <span class='ocrx_word' id='word_1_347' title='bbox 545 4244 573 4299; x_wconf 89' lang='lat' dir='ltr'><strong>ia</strong></span> <span class='ocrx_word' id='word_1_348' title='bbox 588 4243 689 4313; x_wconf 72' lang='lat' dir='ltr'><strong>agonia</strong></span> <span class='ocrx_word' id='word_1_349' title='bbox 702 4242 830 4313; x_wconf 81' lang='lat' dir='ltr'><strong>positum,</strong></span> <span class='ocrx_word' id='word_1_350' title='bbox 844 4237 1006 4299; x_wconf 78' lang='lat' dir='ltr'><strong>dominicum</strong></span> <span class='ocrx_word' id='word_1_351' title='bbox 1017 4235 1170 4293; x_wconf 77' lang='lat' dir='ltr'><strong>oraticnem</strong></span> <span class='ocrx_word' id='word_1_352' title='bbox 1184 4248 1294 4303; x_wconf 76' lang='lat' dir='ltr'><strong>proma</strong></span> <span class='ocrx_word' id='word_1_353' title='bbox 1307 4231 1356 4287; x_wconf 62' lang='lat' dir='ltr'><strong>tri*</strong></span> 
     </span>
     <span class='ocr_line' id='line_1_39' title="bbox 75 4316 1355 4401; baseline -0.011 -17"><span class='ocrx_word' id='word_1_354' title='bbox 75 4346 94 4384; x_wconf 84' lang='lat' dir='ltr'><strong>u</strong></span> <span class='ocrx_word' id='word_1_355' title='bbox 117 4326 225 4385; x_wconf 81' lang='lat' dir='ltr'><strong>vicibus</strong></span> <span class='ocrx_word' id='word_1_356' title='bbox 244 4328 337 4385; x_wconf 78' lang='lat' dir='ltr'><strong>dicas:</strong></span> <span class='ocrx_word' id='word_1_357' title='bbox 358 4329 402 4401; x_wconf 83' lang='lat' dir='ltr'><strong>qui</strong></span> <span class='ocrx_word' id='word_1_358' title='bbox 415 4328 468 4383; x_wconf 83' lang='lat' dir='ltr'><strong>siti</strong></span> <span class='ocrx_word' id='word_1_359' title='bbox 482 4328 662 4385; x_wconf 78' lang='lat' dir='ltr'><strong>liuentissime</strong></span> <span class='ocrx_word' id='word_1_360' title='bbox 676 4326 801 4398; x_wconf 81' lang='lat' dir='ltr'><strong>promisit</strong></span> <span class='ocrx_word' id='word_1_361' title='bbox 813 4324 875 4380; x_wconf 84' lang='lat' dir='ltr'><strong>hoo.</strong></span> <span class='ocrx_word' id='word_1_362' title='bbox 903 4320 949 4379; x_wconf 79' lang='lat' dir='ltr'><strong>Ad</strong></span> <span class='ocrx_word' id='word_1_363' title='bbox 964 4334 1043 4390; x_wconf 79' lang='lat' dir='ltr'><strong>quem</strong></span> <span class='ocrx_word' id='word_1_364' title='bbox 1056 4318 1141 4389; x_wconf 74' lang='lat' dir='ltr'><strong>Papa:</strong></span> <span class='ocrx_word' id='word_1_365' title='bbox 1163 4316 1231 4375; x_wconf 78' lang='lat' dir='ltr'><strong>Caua</strong></span> <span class='ocrx_word' id='word_1_366' title='bbox 1243 4316 1355 4388; x_wconf 83' lang='lat' dir='ltr'><strong>primum</strong></span> 
     </span>
     <span class='ocr_line' id='line_1_40' title="bbox 75 4398 1355 4481; baseline -0.008 -16"><span class='ocrx_word' id='word_1_367' title='bbox 75 4418 127 4466; x_wconf 82' lang='lat' dir='ltr'><strong>rtcr</strong></span> <span class='ocrx_word' id='word_1_368' title='bbox 145 4411 246 4469; x_wconf 77' lang='lat' dir='ltr'><strong>Noster</strong></span> <span class='ocrx_word' id='word_1_369' title='bbox 266 4413 384 4481; x_wconf 77' lang='lat' dir='ltr'><strong>dixeris,</strong></span> <span class='ocrx_word' id='word_1_370' title='bbox 403 4411 449 4467; x_wconf 88' lang='lat' dir='ltr'><strong>dic</strong></span> <span class='ocrx_word' id='word_1_371' title='bbox 469 4411 675 4469; x_wconf 66' lang='lat' dir='ltr'><strong>inmemoratus</strong></span> <span class='ocrx_word' id='word_1_372' title='bbox 689 4411 814 4481; x_wconf 71' lang='lat' dir='ltr'><strong>-ugouiae</strong></span> <span class='ocrx_word' id='word_1_373' title='bbox 836 4405 943 4467; x_wconf 76' lang='lat' dir='ltr'><strong>domim</strong></span> <span class='ocrx_word' id='word_1_374' title='bbox 964 4403 1050 4471; x_wconf 77' lang='lat' dir='ltr'><strong>uusld</strong></span> <span class='ocrx_word' id='word_1_375' title='bbox 1067 4402 1128 4458; x_wconf 85' lang='lat' dir='ltr'><strong>lesu</strong></span> <span class='ocrx_word' id='word_1_376' title='bbox 1142 4400 1251 4459; x_wconf 73' lang='lat' dir='ltr'><strong>christi.</strong></span> <span class='ocrx_word' id='word_1_377' title='bbox 1290 4398 1355 4455; x_wconf 84' lang='lat' dir='ltr'><strong>cnm</strong></span> 
     </span>
     <span class='ocr_line' id='line_1_41' title="bbox 75 4483 1355 4568; baseline -0.008 -17"><span class='ocrx_word' id='word_1_378' title='bbox 75 4495 195 4551; x_wconf 82' lang='lat' dir='ltr'><strong>cundum</strong></span> <span class='ocrx_word' id='word_1_379' title='bbox 208 4496 270 4563; x_wconf 80' lang='lat' dir='ltr'><strong>en,</strong></span> <span class='ocrx_word' id='word_1_380' title='bbox 284 4496 330 4553; x_wconf 86' lang='lat' dir='ltr'><strong>diu</strong></span> <span class='ocrx_word' id='word_1_381' title='bbox 342 4496 370 4551; x_wconf 87' lang='lat' dir='ltr'><strong>iu</strong></span> <span class='ocrx_word' id='word_1_382' title='bbox 385 4495 541 4552; x_wconf 72' lang='lat' dir='ltr'><strong>mononem</strong></span> <span class='ocrx_word' id='word_1_383' title='bbox 556 4497 673 4553; x_wconf 78' lang='lat' dir='ltr'><strong>omniun</strong></span> <span class='ocrx_word' id='word_1_384' title='bbox 686 4496 840 4568; x_wconf 68' lang='lat' dir='ltr'><strong>matonam</strong></span> <span class='ocrx_word' id='word_1_385' title='bbox 854 4488 962 4547; x_wconf 80' lang='lat' dir='ltr'><strong>Domini</strong></span> <span class='ocrx_word' id='word_1_386' title='bbox 976 4486 1063 4543; x_wconf 71' lang='lat' dir='ltr'><strong>nocti</strong></span> <span class='ocrx_word' id='word_1_387' title='bbox 1076 4484 1099 4542; x_wconf 92' lang='lat' dir='ltr'><strong>l.</strong></span> <span class='ocrx_word' id='word_1_388' title='bbox 1110 4486 1139 4543; x_wconf 83' lang='lat' dir='ltr'><strong>c.</strong></span> <span class='ocrx_word' id='word_1_389' title='bbox 1170 4486 1236 4542; x_wconf 82' lang='lat' dir='ltr'><strong>Cum</strong></span> <span class='ocrx_word' id='word_1_390' title='bbox 1253 4483 1355 4551; x_wconf 70' lang='lat' dir='ltr'><strong>dixeris</strong></span> 
     </span>
     <span class='ocr_line' id='line_1_42' title="bbox 75 4569 1355 4650; baseline -0.009 -15"><span class='ocrx_word' id='word_1_391' title='bbox 75 4579 156 4636; x_wconf 87' lang='lat' dir='ltr'><strong>rtium</strong></span> <span class='ocrx_word' id='word_1_392' title='bbox 170 4581 233 4650; x_wconf 73' lang='lat' dir='ltr'><strong>stt,</strong></span> <span class='ocrx_word' id='word_1_393' title='bbox 249 4580 294 4636; x_wconf 90' lang='lat' dir='ltr'><strong>diu</strong></span> <span class='ocrx_word' id='word_1_394' title='bbox 307 4580 335 4635; x_wconf 93' lang='lat' dir='ltr'><strong>iu</strong></span> <span class='ocrx_word' id='word_1_395' title='bbox 348 4580 481 4635; x_wconf 81' lang='lat' dir='ltr'><strong>honoram</strong></span> <span class='ocrx_word' id='word_1_396' title='bbox 493 4578 639 4637; x_wconf 82' lang='lat' dir='ltr'><strong>inullubilic</strong></span> <span class='ocrx_word' id='word_1_397' title='bbox 652 4579 776 4637; x_wconf 68' lang='lat' dir='ltr'><strong>utitatis</strong></span> <span class='ocrx_word' id='word_1_398' title='bbox 786 4579 818 4635; x_wconf 80' lang='lat' dir='ltr'><strong>a.</strong></span> <span class='ocrx_word' id='word_1_399' title='bbox 832 4577 863 4633; x_wconf 79' lang='lat' dir='ltr'><strong>ll.</strong></span> <span class='ocrx_word' id='word_1_400' title='bbox 875 4575 931 4637; x_wconf 73' lang='lat' dir='ltr'><strong>lc·</strong></span> <span class='ocrx_word' id='word_1_401' title='bbox 960 4572 1009 4631; x_wconf 87' lang='lat' dir='ltr'><strong>llis</strong></span> <span class='ocrx_word' id='word_1_402' title='bbox 1019 4570 1102 4629; x_wconf 86' lang='lat' dir='ltr'><strong>dictis</strong></span> <span class='ocrx_word' id='word_1_403' title='bbox 1114 4569 1276 4643; x_wconf 73' lang='lat' dir='ltr'><strong>capellanus</strong></span> <span class='ocrx_word' id='word_1_404' title='bbox 1287 4584 1355 4641; x_wconf 90' lang='lat' dir='ltr'><strong>pro-</strong></span> 
     </span>
    </p>
   </div>
   <div class='ocr_carea' id='block_1_4' title="bbox 0 0 1528 4942">
    <p class='ocr_par' dir='ltr' id='par_1_13' title="bbox 0 0 1528 4942">
     <span class='ocr_line' id='line_1_43' title="bbox 0 0 1528 4942; baseline 0 0"><span class='ocrx_word' id='word_1_405' title='bbox 0 0 1528 4942; x_wconf 95' lang='lat' dir='ltr'><strong> </strong></span> 
     </span>
    </p>
   </div>
  </div>
 </body>
</html>
