3046 4942
734 334 807 401 347

93 532 226 603 agere,
254 520 290 582 ut
314 514 444 585 meritis
463 522 542 583 tuae
563 514 798 586 sanctissimae
820 514 997 586 Passionis
1020 522 1055 582 et
1073 514 1321 588 intercessione
1340 516 1421 589 beu-

96 622 158 684 tae
177 610 310 683 Mariae
330 634 468 708 semper
489 613 642 705 Virginis
664 623 698 684 ct
721 618 868 685 omnium
890 613 1094 688 Sanctorum
1114 617 1149 683 in
1169 612 1291 685 eodem
1310 638 1420 709 regno

99 734 168 786 nos
188 736 266 785 cum
286 715 443 787 omnibus
466 713 601 787 Sanctis
622 718 688 787 tuis
707 726 742 786 et
762 718 882 791 electis
903 738 1041 812 semper
1062 715 1169 786 facias
1187 717 1436 807 'congaudere¹

105 812 371 900 Quinimmo.

205 925 322 987 Deinde
340 926 489 988 Sacerdos
510 945 618 1009 corpus
639 937 780 1009 aspergat
801 947 877 1011 aqua
895 928 1052 990 benedicta
1068 936 1098 989 et
1118 927 1268 990 tbnrldcet
1286 929 1421 991 similiter

105 1037 135 1089 et
156 1027 310 1088 tumulum:
331 1037 437 1108 postea
455 1029 626 1109 sepeliatur.
669 1028 740 1092 Cum
760 1039 857 1094 autem
876 1029 1058 1110 asepultura
1075 1033 1288 1092 revertuntur'
1278 1050 1309 1091 ιι
1324 1030 1420 1092 eccle-

104 1131 178 1191 ιιιιιι
193 1129 305 1192 dicatur
301 1130 505 1240 'Antiphone
513 1121 728 1194 Benedicite
745 1123 928 1252 Dominum
951 1144 1071 1251 omnes
1094 1122 1197 1193 electi
1216 1125 1304 1228 eius,
1327 1126 1419 1215 agite

104 1331 272 1412 dntipbona
286 1333 440 1413 repetitur.

108 1462 112 1469 ·
146 1433 321 1544 ..Deinde
339 1442 409 1494 ante
427 1435 520 1496 altare
539 1434 615 1496 dicat
633 1435 779 1496 Sacerdos
798 1425 965 1498 Dominus
987 1424 1176 1498 vobiscum.
1211 1430 1253 1518 ib.
1275 1425 1417 1498 Etcum

104 1536 362 1698 ⁵pumilriibiirs.
415 1627 511 1699 Deus
540 1631 598 1719 qui
626 1629 712 1697 miro
740 1627 941 1717 angelorum
970 1627 1155 1696 ministeria
1177 1624 1417 1721 hominumque

101 1728 305 1821 dispensus:
335 1727 490 1797 concede
515 1730 701 1821 propitius,
739 1737 775 1796 ut
806 1748 825 1795 ιι
860 1726 983 1822 quibus
1008 1724 1069 1795 tibi
1093 1722 1357 1796 ministrantibus
1383 1726 1419 1793 in

102 1827 222 2023 ppelp)
240 1847 377 1922 semper
408 1830 594 1913 assistitur,
633 1827 675 1898 ab
709 1828 761 1901 bis
792 1831 826 1898 in
859 1839 951 1899 terra
983 1829 1054 1898 nita
1089 1835 1206 1900 nostra
1239 1826 1415 1897 muniatur.

132 1949 181 2000 er.

752 2109 850 2117 -.η-ιο-
858 2107 887 2115 ..-

177 2290 183 2297 ’
226 2309 321 2384 ιιι.
347 2311 418 2384 nn
445 2309 859 2384 annnorcnronn
888 2311 1289 2409 oonnnrnnns)

478 2446 539 2517 Ex
565 2444 819 2518 Pontificali
846 2446 1043 2517 Romano.

205 2589 262 2652 Die
288 2590 477 2668 praecedenti
499 2599 649 2672 ponuntur
668 2586 900 2651 iu'coemeteric
923 2588 1126 2651 benedicendo
1150 2588 1280 2668 quinque
1299 2587 1416 2665 ligneae

106 2710 224 2768 cruces,
239 2690 380 2753 videlicet
393 2711 450 2755 una
463 2693 551 2755 altior
564 2695 594 2754 in
610 2692 706 2753 medio
725 2701 756 2752 et
771 2700 895 2771 quatuor
907 2689 983 2752 aliae
999 2689 1149 2807 quaelibet
1162 2688 1199 2751 ad
1212 2697 1350 2751 staturam
1364 2688 1416 2750 bo·

169 2884 202 2962 1)
223 2886 297 2942 llaec
315 2886 436 2941 Colleeta
458 2886 569 2944 recitari
583 2887 726 2942 consuevit
739 2886 766 2942 in
782 2885 974 2944 festivitatibus
989 2883 1036 2942 SS.
1054 2881 1241 2956 Angelorum,
1260 2883 1417 2956 inquorum

98 2971 199 3028 eboris
214 2969 341 3040 parvulos
357 2975 484 3038 receptos
500 2985 561 3026 esse
577 2969 652 3025 credi
667 2970 801 3042 praecipit
816 2969 944 3026 ecclesia.

166 3047 198 3127 2)
214 3050 296 3107 liulta
313 3067 347 3106 ex
363 3050 472 3106 illorum
486 3051 702 3108 testimoniorum
715 3068 846 3123 nurnero,
864 3051 1095 3124 quaestionantes
1110 3066 1125 3105 a
1140 3051 1207 3108 viris
1221 3051 1310 3108 doctis
1324 3056 1353 3105 ut
1365 3049 1416 3105 de·

100 3141 258 3194 monstrent
272 3151 307 3190 ex
323 3133 513 3205 antiquissimis
525 3134 641 3190 saeculis
655 3135 871 3192 benedictionem
886 3135 1045 3193 coemeterii
1059 3134 1194 3205 originem
1205 3135 1332 3204 traxisse,
1345 3132 1416 3189 baud
1452 3168 1457 3181 ·

88 3221 204 3279 .idouca
229 3218 331 3276 dixeris
353 3234 412 3275 cum
432 3224 556 3291 spectent
570 3218 615 3274 vel
629 3218 665 3273 ad
678 3219 763 3275 altare
778 3220 821 3275 vel
836 3220 968 3293 capellam
982 3219 1161 3292 sepulcralem
1175 3219 1219 3274 nel
1233 3218 1267 3274 ad
1282 3217 1417 3287 singulum

103 3303 241 3379 quoddam
264 3305 425 3375 sepulcrum.
455 3302 490 3358 lit
510 3304 585 3374 quod
602 3301 732 3359 invictum
750 3310 858 3375 putatur
873 3311 1070 3375 argumentum,
1084 3304 1161 3358 locus
1175 3301 1303 3373 Gregorii
1314 3301 1415 3362 Toron.

105 3389 140 3445 de
155 3387 379 3459 gloriacouless.
393 3396 422 3445 'c.
432 3386 482 3441 loo
495 3396 620 3443 versatur
634 3387 662 3441 in
680 3389 886 3444 consecratione
900 3389 1004 3459 altaris,
1019 3395 1081 3442 ante
1097 3382 1340 3460 quod'sepelienda
1357 3391 1417 3441 erat

104 3474 185 3528 beata
200 3470 383 3542 liadegnudis.
412 3471 496 3526 lavet
512 3471 592 3528 nobis
605 3470 761 3526 Pontificule
776 3470 905 3542 Duraudi,
921 3472 993 3544 quod
1007 3471 1034 3528 iu
1045 3470 1210 3528 Bibliotheca
1220 3468 1352 3525 Vaticana
1367 3484 1422 3527 exe„

104 3562 159 3612 stat
173 3572 201 3615 n.
211 3555 291 3613 4⁷44.
321 3556 350 3609 ln
364 3555 416 3610 bac
431 3555 583 3610 membrana
600 3554 675 3611 0rd0
690 3554 869 3614 benedicendi
884 3555 1042 3613 coemeterii
1055 3555 1096 3612 sic
1109 3555 1216 3626 incipit:
1232 3552 1416 3623 „Quamquam

105 3638 229 3712 plerique
243 3646 377 3707 asserant,
393 3639 550 3694 coemeterii
566 3639 785 3696 benedictionem
794 3641 976 3698 neeessariam
987 3633 1416 3710 noneme,dieeutesadbocsnl-

105 3723 189 3780 liuere
205 3724 334 3780 circuitus
348 3728 426 3779 extra
442 3722 584 3779 ecclesiam
598 3731 627 3780 et
642 3715 801 3781 coemeterii
815 3725 1012 3797 aspersionem,
1028 3740 1096 3796 qnae
1109 3721 1289 3792 duntqunndo
1298 3716 1416 3773 ecclesia

105 3806 247 3864 dedicatur
262 3807 339 3862 etc.“
368 3805 572 3862 Subsistendum
589 3806 696 3864 videtur
709 3809 737 3864 iu
758 3809 909 3865 Pontificali
924 3807 1028 3879 nansi,
1050 3804 1122 3879 qnod
1141 3804 1252 3861 exbibet
1265 3799 1416 3858 benedi·

105 3889 467 3959 ctioneml'olyaudri
478 3886 1416 3963 sencoemeterii.„Dominesancte',l’ateromnipotcns,aeterue

104 3973 188 4044 Deus,
203 3975 326 4031 iocorum
341 3974 456 4031 omnium
470 3974 654 4030 sanctificator
669 3981 697 4030 et
714 3976 877 4033 reformator
891 3977 918 4032 in
934 3975 1038 4044 malins,
1054 3989 1069 4027 a
1084 3987 1139 4043 quo
1154 3978 1182 4026 et
1198 3985 1248 4042 per
1263 3984 1342 4041 quem
1357 3982 1416 4024 om·
1489 3964 1493 3969 ’

104 4059 147 4114 nis
162 4058 319 4114 benedictio
334 4058 368 4114 de
384 4057 470 4114 coelis
485 4057 628 4114 descendit
640 4057 669 4113 in
684 4064 787 4114 terras:
808 4059 972 4115 benedicere
987 4057 1101 4127 dignare
1115 4055 1206 4111 locum
1218 4053 1316 4121 istum,
1337 4058 1366 4108 ut
1381 4048 1417 4107 sit

104 4142 289 4211 Polyaudrum
303 4158 350 4199 seu
358 4142 565 4212 coemeterium,
579 4143 625 4197 vel
639 4140 727 4198 dulcis
741 4142 851 4215 requies
866 4150 895 4197 et
909 4141 1032 4213 pausatio
1041 4138 1218 4206 llortuornm,
1232 4152 1286 4209 quo
1300 4134 1416 4203 animae,

105 4241 218 4297 quarum
234 4241 353 4298 corpora
370 4226 414 4281 bic
428 4227 533 4298 sepulta
547 4226 592 4281 vel
607 4226 766 4299 sepeliendo
776 4235 848 4295 suot,
859 4224 1030 4280 iocunditatis
1038 4222 1182 4278 dulcedine
1189 4220 1336 4292 potiantur
1346 4219 1416 4276 sint-

105 4324 161 4381 que
162 4309 301 4367 iuterim'
294 4327 322 4365 m
337 4323 454 4382 superna
468 4305 635 4367 Hierusalem
649 4309 801 4381 gaudentes
816 4317 844 4365 et
857 4309 1001 4378 laetantes,
1016 4305 1124 4363 donec
1117 4321 1145 4362 ιιι
1160 4319 1250 4375 magur
1242 4303 1356 4361 iudicii
1371 4300 1415 4358 die

106 4392 142 4449 de
166 4393 313 4466 sepulturis
333 4394 443 4465 propria
466 4403 583 4466 corpora
597 4393 747 4467 recipiant,
767 4403 797 4451 et
810 4395 851 4451 sic
864 4392 984 4448 venienti
998 4389 1114 4448 Domino
1128 4388 1162 4446 ad
1178 4387 1347 4445 indmndnn
1363 4385 1416 4444 οΙι-

106 4478 179 4533 viam
195 4493 255 4534 cum
269 4479 358 4556 iruetu
372 4477 461 4535 bonae
476 4479 644 4549 operationis
658 4482 834 4538 occurrant.“
860 4475 1006 4534 llartenins
1020 4490 1071 4531 sex
1084 4473 1224 4531 nobiscum
1238 4456 1415 4531 eommunicet

106 4561 380 4635 iormnlas,quaru1u
394 4560 577 4632 ιιιιιιιιιιιιιιιιι
590 4569 696 4634 patrem
709 4562 837 4633 agnoscit
848 4560 997 4633 llgbertnm
1009 4558 1221 4617 Eboraoensen.
