3046 4942
798 306 873 377 858

177 503 310 564 accubitu
334 511 364 561 ct
384 507 464 559 stans
479 516 541 559 cum
558 498 660 574 mitra,
681 479 830 559 benedicit
843 478 952 559 ibidem
966 509 1070 576 aquam
1084 506 1115 557 et
1130 495 1185 568 sal.
1195 484 1227 570 1)
1259 495 1393 575 Expleta
1407 512 1486 575 aque

178 603 386 666 benedictione
401 599 540 682 Pontifer
559 609 639 660 stans
657 600 727 659 *sine
747 601 831 660 mitra
850 600 982 680 aspergit
1000 618 1033 659 se
1056 608 1085 659 et
1107 598 1337 660 circumstantes
1358 615 1424 658 cnm
1436 598 1482 670 ills,

121 756 125 763 .
178 705 317 766 inchoans
335 701 436 763 schola
453 711 653 782 prosequente
667 701 865 781 Antiphonem
886 697 1067 786 Asperges
1090 712 1144 760 me
1166 689 1320 761 Domine
1342 689 1481 785 hyssopo

54 834 56 838 Α
178 807 212 867 ιι
238 794 446 880 mundabor,
473 794 605 866 lavabis
628 815 683 864 me
707 802 740 863 et
763 796 1002 889 supernivem
1032 790 1228 864 dealbabor.
1277 801 1344 877 Qua
1370 803 1480 882 incepto,

76 946 78 951 -
177 908 314 987 imposita
335 906 391 966 sibi
409 907 509 978 mitra,
531 914 613 966 stans
627 914 696 965 ante
709 904 791 964 fores
805 903 977 977 Ecclesiae,
1004 902 1253 984 praecedentibus
1270 906 1370 983 ipsum
1384 904 1479 963 duabu

176 1008 333 1085 hoolythis
358 1026 421 1067 cum
443 1005 573 1067 candelis
592 1007 743 1082 accensis,
766 1007 868 1085 incipit
887 1007 1010 1067 circuire
1024 1004 1059 1066 ad
1079 1023 1190 1065 manum
1206 1005 1376 1082 dexteram,
1392 1023 1476 1085 proec-

127 1173 135 1183 ,
178 1109 251 1170 «lens
275 1109 433 1170 cumolero
448 1118 478 1170 et
491 1107 603 1188 popolo
619 1117 648 1168 et
661 1124 806 1187 spargens
821 1126 885 1168 cum
900 1109 1050 1188 ipsaeque
1065 1100 1232 1168 forinsecus
1245 1109 1382 1187 parietes
1395 1106 1476 1167 Eccla

177 1213 258 1287 sine,
286 1211 483 1290 insuperiori
508 1219 591 1289 parte
612 1227 711 1269 earum
736 1219 765 1270 et
789 1212 997 1271 coemeterium
1019 1209 1119 1270 dicens
1140 1226 1261 1287 semper
1290 1199 1333 1270 In
1360 1202 1476 1270 numine

178 1303 226 1375 Pa
246 1303 276 1396 ι
298 1304 359 1372 tris
381 1312 415 1372 et
435 1301 476 1372 li
497 1301 528 1392 ι
549 1302 585 1372 ιιι
606 1311 639 1372 et
661 1297 806 1395 Spiritus
828 1299 860 1391 ι
880 1297 1048 1395 Sanan.²)
1086 1311 1476 1372 interrumperemus·

178 1412 277 1493 phana
292 1412 393 1473 schola
409 1422 505 1474 ceant
518 1413 751 1491 Responsoriom
765 1402 919 1474 Fundata
935 1413 986 1474 est
999 1402 1130 1476 Domus
1145 1403 1286 1473 Domini
1299 1426 1399 1498 super
1410 1424 1477 1472 vcr-

90 1534 93 1538 ·
178 1508 278 1576 licem
303 1508 466 1575 montium
489 1515 523 1575 ct
550 1505 700 1575 exaltata
727 1515 910 1601 estsuper
937 1526 1055 1576 omnes
1083 1504 1193 1577 colles
1222 1514 1258 1575 et
1285 1507 1422 1576 venient
1443 1501 1476 1573 ud

156 1628 262 1690 leam,
284 1628 403 1677 omnes
430 1617 551 1698 gentes
579 1614 613 1677 et
635 1605 748 1677 dicent
767 1607 878 1699 gloria
900 1606 959 1677 tibi
981 1607 1144 1678 Domine:
1169 1605 1364 1680 Venientes
1382 1616 1475 1677 auten

177 1711 317 1780 venient
338 1730 414 1778 cum
437 1708 648 1780 exultatione
671 1717 845 1801 portantes
867 1707 1057 1801 manipulos
1076 1731 1171 1796 suos,
1193 1717 1228 1778 et
1249 1707 1367 1780 dicent
1384 1709 1475 1800 glorie

178 1809 236 1880 tibi
253 1809 408 1880 Domine.
446 1819 572 1899 Expleta
588 1819 721 1895 circuito,
739 1818 877 1881 Pontifex
891 1819 1069 1898 perveniens
1084 1828 1152 1880 ante
1166 1820 1274 1880 ostium
1291 1828 1375 1880 stans
1388 1817 1475 1879 ibidcn

178 1939 282 1981 uersus
296 1918 331 1979 ad
347 1922 453 1981 ostium
468 1920 602 2000 deposita
618 1921 701 1980 mitra
716 1919 798 1981 dicit:

281 2013 427 2084 θνιιιιιι
480 2021 516 2082 Et
537 2023 678 2081 ministri:
699 2010 895 2086 Flectamus
916 2035 1038 2105 genua
1081 2012 1290 2102 llewhevate
1335 2013 1474 2107 Omnipo

179 2123 277 2201 tens,
305 2115 511 2206 sempiterne
538 2113 633 2184 Dens
661 2115 778 2205 quiin
805 2117 896 2184 omni
922 2114 1020 2216 loco·
1029 2114 1268 2192 dominationis
1297 2126 1379 2187 tuae
1404 2124 1476 2186 totus

178 2216 329 2330 assistis,
343 2222 434 2285 totus
456 2217 625 2307 operaris,
645 2213 765 2286 adesto
789 2194 1091 2309 supplicationibus
1112 2219 1240 2288 nostris
1262 2228 1297 2288 et
1316 2215 1474 2289 huinsdo·

177 2336 252 2385 mus
276 2315 372 2386 ouius
393 2337 432 2385 es
451 2314 624 2403 fundator,
643 2325 717 2388 esto
737 2326 926 2410 protector,
946 2318 1039 2387 nulla
1059 2316 1113 2387 hic
1129 2321 1279 2411 nequitia
1298 2320 1474 2391 cannatina

178 2417 357 2510 potcstatis
375 2415 530 2505 obsistat,
550 2417 612 2490 sed
633 2419 758 2488 uirtute
776 2415 922 2512 Spiritus
940 2417 1057 2490 Sancti
1075 2429 1254 2513 operante,
1276 2418 1337 2491 liat
1358 2421 1411 2493 bic
1428 2418 1476 2490 tibi

177 2539 314 2612 semper
343 2540 464 2611 purum
495 2521 671 2592 servitium
702 2528 736 2590 et
765 2519 890 2591 devota
921 2516 1069 2619 libertas.
1119 2522 1187 2593 Per
1214 2520 1399 2595 Christum
1441 2525 1474 2609 b
1511 2548 1513 2611 ;

176 2619 299 2690 Amen.
309 2615 342 2712 ³)
1511 2620 1513 2643 ²

280 2731 346 2803 Quo
369 2728 448 2788 dicto
469 2727 607 2789 Pontifex
628 2739 748 2809 accepta
773 2732 856 2792 mitra
877 2731 912 2791 ad
934 2734 1041 2792 ostium
1062 2730 1216 2794 Ecclesiae
1238 2736 1475 2814 appropinquans,

177 2833 305 2913 percutit
329 2828 400 2891 illud
422 2828 514 2888 semel
537 2848 603 2890 cum
626 2830 760 2891 inferiori
776 2841 860 2912 parte
877 2832 972 2894 baculi
987 2835 1159 2913 pastoralis,
1174 2837 1429 2916 superliminare,
1442 2833 1473 2892 di·
1511 2840 1513 2849 '

176 2952 247 2995 cens
261 2929 441 3006 intelligibili
455 2948 545 2991 voce:

276 3024 433 3096 Attollite
453 3033 569 3117 portas
590 3024 760 3118 principes
780 3034 916 3098 vestras
938 3036 972 3098 et
990 3027 1173 3098 elevamini
1190 3036 1315 3123 portae
1335 3037 1470 3099 nebron·

175 3137 227 3197 les
246 3137 280 3198 el
298 3124 446 3197 introibit
465 3147 531 3195 rex
552 3125 695 3217 gloriae.
732 3133 880 3197 Diaconos
894 3139 972 3198 intus
987 3140 1119 3199 existens
1134 3139 1205 3200 dicit
1219 3138 1278 3200 alta
1295 3158 1385 3201 voce:
1403 3127 1471 3212 Quis

176 3236 228 3297 est
251 3249 316 3297 rex
338 3225 498 3319 gloriae?
540 3235 680 3297 Pontifex
694 3237 868 3315 respondet:
890 3229 1056 3302 Dominus
1078 3229 1177 3302 fortis
1200 3242 1236 3302 et
1256 3243 1394 3327 potens,
1414 3229 1471 3299 llo

174 3329 286 3399 minus
312 3338 433 3422 potens
456 3331 490 3399 in
513 3327 653 3423 praelio.
698 3336 813 3399 Deinde
833 3340 972 3402 Pontifex
994 3343 1098 3402 iterum
1118 3344 1224 3405 circuit
1239 3341 1400 3405 Ecclesiam
1420 3356 1470 3400 con

175 3438 256 3498 clero
277 3447 306 3498 et
328 3438 456 3518 populo,
479 3440 624 3518 incipiens
648 3438 683 3500 ad
704 3441 826 3515 eandem
844 3459 956 3503 manum
981 3443 1132 3520 dextram,
1153 3445 1346 3524 aspergendo
1360 3444 1470 3524 parietes

175 3543 255 3601 iuxta
269 3539 487 3600 fundamentum
500 3542 627 3621 ipsarum
644 3549 674 3600 et
692 3545 902 3604 coemeterium
917 3544 1018 3604 dicens
1032 3562 1164 3625 semper:
1187 3535 1226 3606 ln
1244 3539 1383 3608 nomine
1394 3528 1469 3619 Pn†

172 3676 379 3689 —n———-

238 3717 381 3796 >Eodem
398 3716 451 3773 ritu
465 3733 519 3789 quo
533 3718 601 3776 alias
617 3721 648 3775 lit
661 3719 820 3776 Benedictio
835 3718 901 3777 salis
916 3728 945 3778 et
959 3736 1061 3794 aquae,
1080 3720 1150 3777 infra
1165 3720 1318 3795 exscripta.
1346 3722 1421 3805 Silent
1432 3715 1469 3772 ΕΙ

174 3802 219 3858 E:
236 3818 312 3859 omes
327 3819 397 3875 quae
412 3801 494 3857 hodie
510 3802 669 3873 recitentur,
685 3805 815 3861 formulas
831 3805 952 3863 oouhnet
962 3806 996 3860 ll

237 3885 268 3960 h)
284 3885 474 3943 Walafridus
467 3902 494 3940 m
509 3885 572 3941 Vita
588 3887 615 3944 S.
628 3886 801 3943 columbani:
822 3888 921 3945 Beatus
936 3897 1025 3944 numm
1037 3889 1068 3944 C.
1084 3887 1161 3944 iussit
1175 3904 1273 3959 nquam
1289 3884 1380 3945 afferri
1392 3884 1472 3953 etbe-

174 3969 302 4027 nedicens
316 3971 390 4027 illam
405 3969 522 4040 aspersit
536 3985 568 4025 ea
582 3971 720 4042 templum,
736 3979 764 4028 et
773 3988 834 4029 cum
845 3973 992 4030 circuirent
1003 3973 1160 4045 psallentes,
1175 3972 1319 4030 dedicavit
1329 3969 1471 4029 ecclesian:

173 4053 272 4108 deinde
286 4055 413 4111 invocato
429 4053 537 4109 nomine
552 4054 658 4110 bomini
672 4056 748 4110 unxit
762 4057 849 4113 altare
864 4065 892 4115 et
905 4058 1002 4113 beatae
1016 4057 1147 4113 Aureliae
1161 4056 1295 4128 reliquias
1310 4059 1338 4114 in
1352 4072 1384 4113 en
1398 4054 1472 4111 collo

174 4137 264 4208 cavit,
284 4140 438 4211 vestitoque
455 4137 535 4194 alteri
550 4138 645 4195 missas
661 4140 782 4211 legitime
797 4143 1009 4215 compleverunt
1028 4171 1064 4182 -
1083 4141 1142 4197 lion
1159 4149 1376 4201 conmemorant
1389 4139 1471 4198 circui

173 4226 227 4276 tum
242 4221 321 4278 istem
329 4223 370 4279 El
385 4230 413 4279 et
424 4223 453 4278 Τ.
464 4243 471 4277 :
487 4222 520 4282 ll.
538 4223 624 4292 „lom
634 4224 786 4298 Episcopus
801 4227 949 4282 circumeat
963 4226 1050 4298 ipsam
1063 4225 1207 4283 ecclesiam
1221 4243 1282 4282 cnm
1295 4228 1380 4284 clero
1392 4234 1419 4283 et
1431 4239 1471 4298 pu·

172 4304 252 4375 pulo,
274 4306 407 4378 incipiens
427 4323 442 4363 a
463 4307 573 4365 sinistra
595 4317 689 4380 parte,
715 4310 872 4381 spernendo
893 4326 989 4382 nquam
1002 4309 1173 4368 benedictam
1190 4309 1225 4367 ad
1242 4311 1422 4368 fundamenta.
1447 4304 1470 4363 n

172 4386 271 4444 Schola
294 4396 385 4445 cantet
405 4393 617 4465 responsorium.
649 4392 807 4450 Pundnta
822 4400 882 4451 est
897 4401 949 4450 eto.
966 4400 995 4451 et
1010 4395 1141 4453 Versum:
1165 4395 1320 4453 Venienter
1335 4403 1421 4453 nutem
1434 4408 1468 4449 uc

171 4468 248 4526 niem
262 4489 323 4528 oum
337 4474 538 4532 exultatione.⁴‘

234 4552 267 4627 3)
284 4555 371 4612 ilrhet
385 4556 535 4615 Collectmr
550 4562 585 4617 ll.
600 4577 714 4633 prorsus
728 4561 865 4619 Romanae
879 4577 1037 4634 congruum.
