3046 4942
722 282 797 355 2⁸6

103 488 167 545 nos
184 465 440 544 misericordiae
455 473 544 538 tuae.
576 463 791 538 Convertere
804 465 952 539 Domine
969 484 1159 558 usquequo.
1185 468 1229 556 lp.
1246 460 1290 536 Et
1303 461 1414 560 depre-

105 570 226 646 cabilis
248 578 323 645 esto
347 588 452 663 super
474 588 599 641 servos
621 576 709 640 tuos.
749 564 877 641 Salvos
902 566 959 639 iac
977 587 1102 640 servos
1123 576 1159 638 et
1177 566 1323 639 ancillas
1338 576 1412 639 tum

104 678 147 764 lto.
169 673 264 744 Deus
287 692 384 743 meus
406 680 585 765 sperantes
604 671 639 741 in
659 679 702 740 te.
740 668 824 743 Esto
848 671 899 742 eis
913 668 1060 740 Domine
1082 670 1186 742 turris
1199 667 1412 741 fortudinis

104 779 147 865 lto.
171 773 206 844 A
222 774 314 845 facie
331 773 466 844 inimici.
499 770 598 842 Mitte
618 772 668 844 eis
682 770 829 843 Domine
848 771 1012 842 aemilium
1032 769 1076 841 de
1098 781 1230 845 sancto.
1260 776 1304 863 Pp.
1325 767 1412 840 lltde

105 874 191 948 Sion
217 885 317 947 tuere
345 894 416 946 eos.
464 872 610 944 Domine
632 872 758 944 exaudi
781 875 970 947 orationem
991 893 1110 942 meam.
1155 877 1199 964 lto.
1227 869 1273 942 Et
1296 868 1411 942 clamor

106 997 204 1049 meus
226 975 270 1047 ad
287 986 322 1047 te
343 975 469 1047 veniat.
520 974 687 1047 Dominus
707 975 896 1047 vobiscum.
940 978 984 1064 lb.
1005 971 1049 1044 tn
1069 995 1145 1045 cum
1168 975 1291 1069 spiritu
1309 981 1374 1044 tuo.

211 1076 365 1150 0remus.
409 1075 544 1149 Adesto
557 1076 713 1169 ‚Domine
740 1074 1043 1171 supplicationibus
1069 1078 1196 1148 uostris
1220 1083 1344 1163 elme,
1362 1072 1409 1168 qni

106 1179 209 1251 etiam
227 1176 463 1252 misericordia
481 1186 539 1248 tua
557 1181 685 1273 primus
703 1177 857 1270 indigeo,
879 1177 1068 1248 clementer
1086 1176 1214 1250 exandi
1232 1185 1268 1247 et
1285 1168 1407 1270 quem¹l

105 1301 176 1351 nou
199 1281 372 1351 electione
398 1280 509 1350 meriti
526 1279 589 1352 sed
609 1279 700 1351 douo
720 1281 851 1372 gratioe
868 1289 947 1351 tuae
965 1279 1169 1350 constituisti
1186 1277 1289 1351 buius
1311 1277 1406 1373 operi

106 1381 316 1464 ministrum,
348 1380 391 1451 da
417 1378 574 1452 fiduciam
600 1383 650 1452 tui
682 1383 832 1455 muneris
859 1378 1055 1476 exequendi
1082 1388 1118 1450 et
1144 1381 1282 1475 ipsein
1306 1386 1404 1451 nonu

106 1480 315 1564 ministerio,
342 1480 434 1568 quod
451 1491 531 1545 tuae
550 1485 686 1569 pietatis
706 1494 779 1571 est,
808 1504 964 1577 operare.
1016 1481 1094 1553 Per.

212 1578 353 1651 Praesta
381 1595 605 1669 quaesumus,
631 1585 791 1673 Domine,
814 1583 867 1658 bis
893 1584 1028 1655 famulis
1046 1578 1158 1679 tuis²)
1182 1580 1323 1674 dignum
1340 1599 1403 1676 pot·

107 1682 269 1754 nitentiae
292 1678 453 1765 fructum,
473 1685 511 1749 ut
532 1676 704 1748 ecclesiae
726 1686 806 1747 tuae
828 1694 981 1774 sauctae,
1003 1686 1137 1757 aculus
1154 1687 1348 1776 integritate
1363 1680 1404 1752 de

107 1777 328 1877 oraverant)
351 1777 545 1875 peccando,
565 1776 791 1853 admissorum
811 1782 949 1853 veniam
975 1786 1219 1881 consequendo
1243 1785 1403 1857 reddautu

109 1880 297 1980 innoxtfl)
351 1882 427 1955 Per.

210 1986 343 2058 Precor
366 1981 514 2056 Domine
540 1992 620 2056 tuae
656 1984 871 2057 clementiam
903 1985 1106 2073 maiestatis,
1138 1988 1259 2059 uthis
1291 1984 1404 2058 famul's

109 2090 176 2162 tuis
194 2095 339 2183 peccata
359 2096 395 2157 et
412 2085 566 2156 facinora
587 2107 648 2160 sua
671 2085 908 2160 confitentibus
927 2089 1064 2159 veniam
1084 2095 1265 2181 praestem
1282 2098 1316 2159 et
1328 2107 1405 2185 prae

109 2192 288 2264 teritorum
317 2190 494 2260 criminum
526 2187 664 2259 uincula
691 2189 854 2260 relaxare
883 2188 1053 2282 digneris,
1090 2190 1148 2283 qui
1178 2187 1328 2261 humeris
1356 2188 1405 2259 tuis

112 2314 216 2365 ovem
239 2289 407 2387 perditam
429 2288 598 2388 reduxisti
626 2288 670 2361 ad
699 2291 833 2378 caulas,
866 2301 900 2362 et
927 2288 1099 2384 publicani
1125 2311 1254 2385 preces
1275 2291 1405 2385 piscatu

112 2392 301 2467 exaudistis
322 2403 358 2466 tu
376 2395 477 2465 etiam
491 2392 637 2464 Domine
658 2392 710 2465 his
730 2390 866 2465 famulis
885 2394 951 2465 tuis
971 2392 1129 2487 placeres
1152 2400 1189 2462 tu
1212 2391 1332 2465 bomm
1348 2409 1406 2487 pro

112 2493 209 2569 cibus
238 2494 407 2589 benignus
433 2497 574 2569 assiste:
608 2505 645 2566 ut
666 2498 701 2564 in
724 2495 944 2568 confessione
970 2490 1075 2564 llebili
1097 2503 1338 2589 permanentes
1354 2489 1407 2563 cle

112 2599 272 2669 mentiam
298 2606 390 2670 tuam
413 2597 575 2668 celeriter
602 2605 750 2667 exorent
775 2618 816 2666 ac
842 2599 969 2669 sanctis
996 2594 1161 2667 altaribus
1187 2596 1330 2668 restituti
1350 2589 1409 2688 spei

114 2718 234 2771 mrsus
255 2708 418 2768 aeternae
440 2719 482 2767 ac
508 2698 654 2768 coelesti
680 2696 813 2788 gloriae
832 2697 1073 2769 reformentur.
1126 2693 1247 2792 Perfi)

215 2797 312 2869 Deus
339 2795 475 2867 bomani
502 2799 642 2888 generis
668 2797 911 2888 benignissime
942 2798 1098 2870 conditor
1125 2809 1161 2870 et
1183 2792 1411 2895 mmorlpordis

113 2899 199 2973 sime
224 2893 485 2993 reformarent)
514 2901 570 2991 qui
592 2896 762 2969 bominem
784 2899 912 2970 invidia
939 2900 1066 2971 diaboli
1089 2900 1131 2971 ab
1152 2902 1350 2972 aeternitate
1364 2895 1411 2967 de

113 3001 240 3072 iactum
257 3000 350 3069 unici
368 2997 428 3070 tilii
443 3001 490 3093 tui
498 2996 532 3095 7)
550 3002 718 3092 sanguine
734 2998 927 3074 redemistis
945 2999 1082 3074 vivifica
1101 3002 1165 3077 bos
1177 3002 1325 3075 famulos
1338 3009 1410 3085 tuos,

115 3100 288 3196 quostibi
311 3101 505 3175 nullatenus
523 3104 611 3174 mori
633 3101 809 3177 desideras
831 3113 866 3174 et
892 3106 1041 3198 quinon
1063 3103 1275 3199 derelinquis
1297 3102 1411 3184 deuios

115 3223 251 3275 assumo
265 3214 453 3278 correctos.
463 3203 497 3301 ⁸)
526 3201 691 3278 lloueant
708 3207 868 3300 pietatem
886 3215 990 3296 tuam,
1010 3202 1257 3303 quaesumus⁹)
1272 3205 1411 3286 noune

115 3303 238 3376 borum
258 3304 464 3379 famulorum
485 3317 620 3378 tuorum
636 3307 818 3379 lacrimosa
837 3310 1003 3403 suspiria,
1029 3317 1067 3378 tu
1092 3329 1215 3379 eorum
1233 3298 1411 3386 medonem)

115 3404 330 3496 vuuertbus,
351 3418 389 3479 tu
409 3408 599 3481 iacentibus
607 3403 655 3504 11)
681 3431 816 3480 manum
836 3411 977 3505 porrige
1000 3409 1198 3498 salutarem,
1218 3431 1265 3481 ne
1284 3404 1413 3481 eeclcn't

116 3518 175 3579 tua
197 3506 310 3600 aliqua
336 3512 389 3582 sui
415 3512 572 3605 eorporis
597 3513 757 3606 portione
784 3520 952 3599 vastetur,
977 3507 1080 3607 ne¹²)
1109 3533 1199 3604 grex
1224 3520 1306 3583 tuus
1331 3506 1412 3580 tent

116 3617 268 3681 mentum
288 3613 471 3682 sustinente
499 3632 543 3682 ne
564 3610 607 3682 de
627 3611 776 3683 familiae
798 3621 878 3683 tuae
901 3610 1023 3684 damno
1047 3615 1204 3686 inimicus
1223 3604 1363 3699 exultet,
1377 3626 1413 3678 uo

117 3720 257 3785 renatos
265 3705 314 3796 13)
335 3709 475 3784 lavacro
497 3714 637 3788 salutari
659 3735 753 3786 mors
770 3712 921 3788 secunda
942 3714 1126 3810 possideat.
1165 3713 1242 3789 Tibi
1260 3736 1344 3807 ergo
1357 3710 1413 3783 Do

117 3815 210 3883 mine
235 3809 409 3907 supplices
434 3813 604 3887 tundimus
629 3837 774 3910 preces,
795 3814 856 3887 tibi
880 3812 997 3888 fletum
1019 3818 1134 3889 cordis
1157 3815 1413 3903 effundimualt

120 3933 225 4005 parce
245 3910 563 4012 confitentibus‚¹4)
592 3926 629 3987 ut
651 3917 901 3992 imminentibus
923 3940 1059 4015 poenae
1080 3919 1305 4008 sententiam,
1328 3909 1413 3988 tuni

121 4049 330 4063 *Ἠ

187 4109 217 4186 1)
230 4113 313 4188 (ἷῐθε.
328 4123 363 4175 ιιι
377 4133 481 4191 quem.
506 4114 537 4194 D)
549 4121 606 4180 tici.
622 4122 706 4196 (ἔτος.
721 4124 799 4182 buia
813 4112 941 4183 lamule
955 4130 1025 4185 tuo.
1045 4121 1147 4199 ³)ch
1161 4120 1246 4195 (ἶπες.
1261 4117 1411 4179 deviarat

122 4193 155 4260 ⁴)
171 4193 324 4271 ⁶⁰¹·0108·
344 4202 517 4259 reddatur
537 4203 713 4270 innoxius.
740 4206 773 4284 5)
788 4210 819 4265 ln
832 4209 914 4280 (ἕως.
930 4210 1028 4269 atGel.
1042 4208 1152 4266 omissa.
1189 4206 1221 4282 6)
1235 4205 1293 4265 Get
1309 4206 1412 4263 torna

123 4279 188 4367 Ψ·
216 4277 318 4353 ⁷)fl01.
334 4287 429 4344 unici
448 4287 511 4343 tui.
527 4286 561 4363 8)
577 4290 633 4347 net.
649 4282 1410 4367 uiviiioaitaqucquem-desideras-dt·

126 4369 411 4425 ”lm-tsurme
426 4379 639 4444 correptum.
660 4377 843 4446 Gregbunc
858 4378 1018 4434 tumulum
1034 4370 1410 4449 {numquam-dorin·

129 4466 164 4475 -
183 4454 395 4535 correctum.
426 4451 456 4525 9)
474 4456 532 4512 Get.
545 4456 628 4527 (trag.
644 4457 743 4515 buius
757 4460 878 4518 iamnli
899 4461 957 4519 tui.
982 4445 1409 4540 1o)Get.t}reg.eiue.1t)td

126 4517 366 4605 ⁶¹²⁸⁴¹⁰⁰⁰⁸¹2
381 4532 496 4607 1²)G01·
512 4554 584 4596 ιιι.
600 4538 805 4617 amaturos.
821 4552 988 4606 renatum.
1004 4542 1052 4622 14)
1064 4538 1409 4619 oeturencontneau
