3046 4942
800 283 875 353 314

183 468 345 541 obducito
372 467 551 538 cicatrices
576 473 717 537 veteres
742 467 995 561 immensasque
1019 485 1166 537 remove
1189 467 1399 561 passioncsz
1423 487 1479 539 cre
1516 524 1518 533 ,

182 572 236 640 nis
255 589 297 635 ac
311 568 486 656 sanguinis
503 569 678 637 materiam
691 565 843 639 reforma
858 566 1129 661 delictorumque
1147 578 1359 640 cunctorum
1371 570 1481 641 veri·
1508 580 1523 639 t

181 668 312 739 tribues
335 668 454 756 sicque
474 669 569 739 illurn
594 678 652 739 tua
673 671 783 763 pietas
805 672 931 760 iugiter
957 669 1146 763 custodiat,
1169 679 1207 741 ut
1234 690 1305 740 nec
1325 668 1370 740 ad
1388 690 1481 741 corre
1518 709 1519 712 ι

182 771 334 865 ptionem
362 765 544 857 aliquando
568 773 694 842 sanitas
719 792 785 842 nec
807 771 851 842 ad
869 770 1097 866 perditionem
1118 792 1226 859 nunc,
1248 781 1286 842 te
1305 770 1482 859 auxiliante,
1507 798 1517 838 ς

183 869 349 965 perducat
374 864 570 952 inlirmitusa
596 871 659 942 sed
680 870 739 943 liat
769 872 819 943 illi
845 872 930 943 baec
956 872 1027 943 olei
1049 874 1141 946 sacri
1165 876 1375 967 perunctio,
1395 870 1483 947 mur!
1509 907 1518 947 ι

185 982 219 1041 et
241 968 418 1060 languoris
437 968 627 1062 praesentis
654 973 811 1061 expulsio
838 985 940 1068 atque
963 985 1184 1068 peccatorum
1213 977 1372 1045 omnium
1391 982 1481 1069 opnn
1507 933 1523 1048 d

183 1072 351 1144 remissio.
361 1065 391 1163 1)
965 1108 968 1113 ·

288 1180 428 1260 Sequitur
443 1177 524 1238 Ordo
539 1176 574 1238 ad
589 1178 855 1245 communicandum
871 1184 1027 1247 Infirmum.

1503 1241 1523 1434 p

184 1572 254 1649 ιιι.
288 1571 413 1645 oaoo
440 1570 507 1641 no
535 1514 841 1641 mundanoun
860 1568 1088 1643 anarrinon
1108 1577 1172 1650 ex
1199 1578 1396 1654 mrunn
1417 1437 1523 1655 rod

501 1669 718 1745 ousrnno
744 1669 874 1742 nuno
904 1673 1000 1742 rssr
1027 1671 1176 1750 norro.
1503 1731 1505 1738 ,

288 1854 414 1914 Primum
432 1849 573 1913 sacerdos
587 1848 623 1911 ad
640 1851 782 1910 infirmum
800 1850 912 1925 iturus,
927 1850 1026 1911 iubeat
1040 1851 1069 1912 in
1085 1851 1172 1914 domo
1186 1855 1251 1914 eiua
1263 1867 1397 1922 mensam
1408 1860 1477 1935 boue
1502 1848 1511 1940 f

185 1966 231 2019 ste
255 1955 425 2035 praeparari
442 1998 451 2031 ‚
471 1955 537 2033 ipse
558 1971 632 2012 vero
647 1950 790 2012 decenter
804 1953 930 2013 restitus
943 1952 1162 2033 superpelliceo
1181 1963 1213 2014 et
1226 1972 1350 2042 accepta
1364 1944 1477 2041 stolaq'·

177 2067 243 2120 'mut
257 2059 287 2117 in
301 2075 402 2117 marus
416 2054 513 2115 oleum
530 2052 725 2114 benedictum.
760 2050 823 2113 Nec
835 2052 918 2113 solus
932 2053 1067 2133 prodeat,
1082 2055 1135 2116 eed
1149 2055 1301 2118 aedituum
1315 2063 1418 2124 babeat
1428 2078 1478 2123 en
1503 2041 1523 2134 ᾗ

185 2161 294 2221 lumine
315 2154 543 2237 praecedentem
567 2164 597 2216 et
616 2157 693 2215 inter
717 2152 842 2215 eundum
861 2173 900 2215 ex
920 2144 1041 2235 psalmis
1056 2155 1166 2237 aliquid
1180 2146 1345 2246 recitet.²)
1383 2154 1478 2227 Deinde
1506 2139 1523 2242 fi

186 2281 249 2322 cum
264 2259 380 2337 aegroti
395 2259 511 2319 domurn
525 2257 614 2317 fuerit
629 2257 799 2334 ingressus,
817 2256 857 2316 ita
871 2256 963 2317 dicat:
1047 2268 1054 2281 ·
1074 2324 1080 2337 ¹
1455 2252 1458 2257 ’
1507 2239 1513 2352 f

203 2356 208 2366 '
285 2350 360 2422 Pax
379 2350 458 2422 huic
480 2349 597 2421 dornui
619 2357 654 2419 et
676 2347 831 2421 omnibus
854 2346 1080 2423 habitantibus
1101 2352 1136 2420 in
1156 2371 1208 2420 ea.
1253 2349 1480 2426 Benedicllo
1518 2349 1523 2370 ¹

184 2457 274 2524 mine
297 2453 434 2524 domurn
460 2454 558 2524 istam
582 2462 616 2523 et
643 2472 761 2521 omnes
789 2448 978 2523 habitantes
1000 2447 1037 2521 iu
1057 2470 1112 2537 ea,
1134 2453 1176 2524 sit
1198 2453 1233 2522 in
1253 2473 1297 2523 ca
1316 2456 1480 2527 sanitaset

184 2557 363 2645 sanctitas,
391 2553 496 2643 lidos,
520 2576 600 2650 spes
621 2562 656 2623 et
681 2553 813 2624 caritas.
1513 2566 1523 2654 p

286 2664 362 2724 llinc
380 2682 413 2723 se
427 2666 551 2743 recipiat
566 2661 601 2723 ad
616 2664 712 2724 locum
727 2663 899 2738 honesturn,
920 2661 969 2722 ubi
984 2680 1084 2723 mensa
1099 2663 1157 2723 crit
1169 2664 1321 2742 instructa,
1334 2663 1437 2726 lumen
1449 2682 1480 2725 at·
1515 2666 1523 2768 p

185 2782 304 2826 censum
326 2772 356 2822 et
376 2781 448 2822 crux
469 2766 567 2842 posita
582 2764 760 2843 incipiatque
774 2765 900 2825 recitare
913 2773 1027 2844 septem
1040 2763 1172 2826 Psalmos
1188 2765 1418 2847 poenitentiales
1433 2782 1481 2847 cun
1515 2762 1523 2848 p

181 2863 383 2943 Antiphone,
406 2865 462 2923 nisi
484 2874 596 2943 partern
612 2863 729 2925 illorum
743 2866 799 2925 iarn
813 2875 899 2927 antea
913 2866 943 2926 in
958 2866 1068 2946 templo
1082 2867 1131 2925 rel
1146 2868 1175 2927 in
1191 2868 1300 2929 itinere
1314 2868 1481 2930 recitaverit
1517 2855 1523 2958 ‘q

285 2956 404 3028 Protin.
458 2955 605 3027 Domino
622 2950 675 3026 'ne
702 2960 736 3027 in
757 2956 885 3029 furore.
937 2959 1013 3031 Ant
1054 2954 1145 3029 sana
1168 2982 1224 3030 me
1242 2958 1394 3037 Domine
1414 2979 1480 3055 quo
1519 2969 1523 3050 p

182 3061 273 3128 niam
301 3055 500 3128 conturbata
529 3067 607 3129 sunt
636 3080 715 3131 ossa
743 3081 819 3129 mea
847 3069 881 3130 et
910 3061 1021 3130 anima
1047 3081 1122 3130 mea
1147 3060 1282 3133 turbata
1305 3072 1360 3135 est
1380 3058 1480 3147 valde,
1521 3095 1523 3148 ι

182 3158 245 3234 sed
267 3169 304 3230 tu
327 3158 473 3232 Domine
494 3169 701 3232 convertere
722 3154 872 3254 et'eripe
894 3163 1038 3231 animam
1061 3182 1179 3257 meam.
1232 3162 1360 3237 Protin.
1399 3160 1481 3234 Beati

182 3282 327 3354 quorum
346 3262 520 3334 remissae.
573 3263 649 3333 Ant.
681 3260 765 3332 Erat
788 3261 922 3356 quidam
943 3261 1098 3354 regulus,
1121 3267 1217 3336 cuius
1238 3262 1331 3338 lilius
1351 3263 1479 3337 infirma-

181 3360 281 3433 batur
304 3359 548 3456 Cupharnaum.
601 3360 665 3433 Hic
691 3386 768 3434 curn
794 3362 963 3453 audisset,
986 3365 1063 3457 quia
1090 3361 1187 3438 lesus
1213 3368 1354 3438 veniret
1375 3370 1408 3438 iu
1427 3362 1479 3437 Gu-

168 3461 335 3533 'lilaeamr
356 3462 502 3554 rogabat
521 3484 599 3534 earn
618 3473 656 3534 ut
676 3463 902 3537 descenderet
923 3476 957 3537 et
977 3475 1112 3538 sanaret
1132 3464 1237 3537 lilium
1258 3470 1345 3543 eius.
1374 3466 1478 3540 Prole

180 3561 327 3635 Domine
347 3584 391 3634 ne
412 3567 447 3633 in
469 3563 596 3637 furore.
636 3566 711 3637 Ant.
739 3564 899 3652 Domine,
921 3587 1008 3660 puer
1027 3588 1125 3638 meus
1147 3570 1237 3639 iacet
1256 3570 1292 3640 in
1313 3567 1415 3642 domo
1430 3588 1479 3663 pa·

179 3664 344 3758 ralyticus
371 3674 405 3736 et
428 3664 518 3735 male
542 3675 729 3760 torquetur.
788 3665 902 3736 Amen
929 3666 1006 3738 dico
1033 3667 1092 3739 tibi
1118 3691 1186 3761 ego
1213 3673 1354 3741 veniam
1377 3681 1409 3742 et
1431 3690 1478 3739 cu·

179 3763 263 3836 rabo
287 3786 374 3836 curn.
403 3765 524 3838 Protin.
551 3763 719 3839 Miserere
732 3770 799 3838 mei
815 3768 910 3840 Deus
924 3768 1110 3841 secundum
1126 3792 1297 3863 magnum.
1331 3774 1407 3847 Ant
1422 3768 1477 3843 Gor

180 3868 359 3936 contritum
387 3873 420 3936 et
441 3866 649 3937 humiliatum
667 3868 762 3941 Deus
783 3886 853 3941 non
874 3868 1062 3965 despicies,
1091 3871 1152 3945 sed
1172 3882 1316 3968 propter
1335 3890 1475 3967 muman
1522 3909 1523 3912 ¹

179 3964 446 4038 misericordiam
462 3976 556 4038 tuarn
573 3970 740 4040 miserere
758 3973 834 4040 mei.
860 3970 980 4043 Pcalm.
1001 3969 1148 4044 Domina
1165 3972 1301 4045 exaudi.
1326 3978 1402 4048 Ant
1418 3972 1474 4044 llo-
1515 4034 1519 4069 ;

183 4108 395 4130 ,Ἁ-

242 4176 270 4250 l)
283 4182 377 4242 Exstat
388 4187 483 4244 Oratio
500 4185 527 4242 iu
538 4184 581 4246 El.
597 4193 625 4242 ct
637 4187 708 4244 llenr.
722 4190 772 4246 sed
784 4190 952 4247 desideratur
964 4192 1038 4262 quod
1048 4192 1261 4265 superscriptum
1275 4202 1319 4252 est
1329 4196 1358 4251 io
1372 4194 1470 4251 uilior:
1510 4220 1513 4233 =

179 4257 458 4328 Impositiomanuum.
1056 4326 1062 4335 ,
1443 4318 1448 4333 ,

238 4341 268 4412 2)
282 4347 395 4417 Agenda
411 4354 530 4423 lloanrt.
550 4352 627 4409 1⁵1³.
658 4355 754 4410 Veniat
764 4356 901 4413 Sacerdos
919 4374 979 4415 cnm
1000 4359 1065 4414 oleo
1083 4374 1165 4417 sacro
1180 4366 1209 4418 et
1222 4360 1345 4420 incensu
1382 4355 1469 4417 oreti·
1506 4350 1523 4403 Γ

178 4423 220 4477 ria
231 4424 278 4517 llll
286 4426 405 4489 Psalmoe
418 4436 636 4505 poenitentiales,
648 4438 672 4493 si
687 4436 730 4493 via
743 4437 827 4510 longa
839 4446 891 4510 est,
903 4456 988 4514 usque
999 4442 1034 4499 ed
1044 4442 1210 4501 donumve!
1221 4452 1287 4504 autc
1295 4446 1403 4505 1eerur.
1414 4442 1467 4499 0⁰¹·
1513 4435 1518 4439 ’

176 4514 294 4564 sentrunt
307 4514 438 4579 Agendae
450 4519 523 4586 llos.
540 4523 672 4578 an.1551.
689 4521 766 4577 1582.
783 4522 849 4579 1671
866 4524 993 4587 editae'.
1137 4572 1141 4579 ·
1501 4532 1509 4567 ¹
