3046 4942
279 404 556 495 ROMANUS

163 700 274 810 XXX
304 732 743 831 Peromniasaeculasae
853 743 860 755 '
896 726 928 783 -’
1019 768 1030 789 ·
1159 802 1162 813 ,
1224 776 1228 781 -

71 847 73 853 ’
113 842 281 912 culorum·
319 843 362 927 lb.
387 838 534 908 Amen
806 835 1184 931 dampnatos.-
1231 911 1235 920 ,

166 940 322 1013 Oremus
363 939 563 1032 Praeceptis
586 937 743 1010 salutari·
850 937 1005 1010 Oremus.
1043 938 1245 1033 Praeceptis
1272 938 1412 1011 soluturi

112 1044 177 1116 bus
192 1044 317 1114 inoniti
339 1051 373 1112 et
396 1041 510 1112 divina
532 1041 742 1112 institutione
796 1041 862 1114 bus
876 1038 1004 1112 moniti
1022 1049 1057 1111 et
1080 1040 1194 1111 divina
1216 1044 1411 1113 institutione

34 1168 42 1177 “
113 1146 251 1218 formati
279 1144 445 1216 audemus
481 1141 619 1212 dicere.
668 1142 742 1214 Ec·
795 1144 938 1215 formati·
959 1141 1125 1275 audemus
1147 1141 1286 1214 dicere:

113 1252 230 1322 tendtt
226 1270 364 1318 mamm.
674 1265 681 1279 ·

164 1349 269 1420 Pater
290 1357 430 1437 noster,
454 1349 511 1442 qui
538 1368 576 1418 es
603 1347 639 1414 ιιι
661 1365 742 1414 coe·
806 1347 952 1418 Pater
970 1353 1123 1435 noster,
1138 1349 1211 1440 qui
1219 1342 1268 1439 es'
1284 1350 1322 1417 ιιι
1346 1367 1409 1416 coe

114 1452 166 1524 lis
213 1447 452 1522 Sanctificetur
471 1467 606 1519 nomen
637 1455 739 1516 tuum.
795 1449 857 1523 list
890 1446 1129 1522 Sanctificetur
1160 1470 1290 1520 nomen
1321 1459 1406 1519 tuum

113 1552 288 1624 Adveniat
320 1573 466 1643 regnum
501 1561 603 1621 tuum.
667 1547 742 1618 Fiat
795 1550 1002 1622 Adueniet
1002 1570 1149 1643 regnum
1186 1559 1292 1621 tuum.
1350 1550 1407 1620 Fiat

112 1655 275 1726 voluntas
297 1664 355 1725 tua
373 1656 461 1726 sicut
477 1656 512 1723 in
529 1652 630 1723 coelo
653 1652 741 1720 etin
795 1653 957 1726 voluntas
980 1656 1042 1722 ιιιιι
1075 1655 1169 1725 sicut
1191 1656 1227 1723 in
1247 1643 1407 1724 ¹coeloet

112 1768 214 1828 terra.
269 1755 397 1827 Panem
433 1765 588 1829 nostrum
631 1755 741 1849 quoti-
793 1758 830 1833 in
854 1764 959 1826 terra.
1012 1755 1140 1826 Panem
1160 1764 1316 1827 nostrum
1342 1773 1406 1848 quo

113 1860 249 1930 diauum
272 1858 315 1928 da
332 1857 432 1932 nobis
458 1858 570 1929 bodie.
625 1854 669 1925 Et
691 1854 741 1924 di·
793 1855 957 1928 tidiunum
979 1856 1021 1928 da
1042 1856 1142 1931 nobis
1162 1855 1276 1928 b'odie.
1311 1856 1353 1927 Et
1370 1854 1406 1925 di·

111 1964 206 2031 mitte
234 1958 333 2031 nobis
369 1959 481 2029 debita
508 1968 627 2030 nostra
653 1958 741 2029 sicut
795 1963 889 2030 mitte
904 1957 1005 2032 nobis
1019 1959 1133 2031 debita
1151 1969 1272 2031 nostra
1293 1963 1406 2033 sicutet

112 2071 148 2132 et
190 2078 255 2142 nos
295 2060 489 2131 dimittimus
531 2056 740 2130 debitoribus
794 2083 863 2135 nos
893 2060 1089 2134 dimittimus
1119 2059 1334 2133 debitoribus
1361 2080 1405 2129 no

111 2163 248 2233 nostris.
302 2158 346 2230 Et
362 2181 417 2237 ,nc
449 2181 513 2232 nos
536 2159 715 2232 inducas
706 2181 741 2229 m
794 2165 883 2237 stris
910 2161 979 2233 Ει
983 2185 1029 2234 ne
1045 2183 1111 2268 nos
1133 2162 1306 2237 inducas·
1296 2154 1331 2234 m
1349 2172 1405 2234 ten·

39 2269 42 2273 ’
112 2264 344 2334 tentationem.
570 2266 576 2279 '
793 2267 1017 2336 udonem·-

163 2368 206 2455 ib
244 2363 315 2437 Sed
340 2354 466 2434 libera
483 2384 547 2436 nos
583 2386 603 2433 a
636 2363 737 2434 malo.
808 2371 887 2458 -ιι,
926 2363 1021 2439 -sed
1038 2366 1149 2438 libera
1177 2351 1243 2441 nos
1274 2390 1296 2438 a
1322 2367 1405 2438 malo

111 2468 279 2539 Sacerdos
298 2477 422 2540 camede
446 2470 525 2539 dtctt
548 2466 670 2538 Amen.
793 2467 883 2542 Dicit
902 2471 1088 2542 Sacerdos:
1128 2468 1252 2563 Amen.

43 2633 47 2649 .
161 2570 291 2644 Deinde
324 2574 444 2666 accipit
468 2570 631 2643 Potentem
654 2574 740 2641 inter
844 2620 937 2695 Μ
955 2623 1028 2693 alm
1052 2644 1150 2695 ww:

110 2674 248 2745 indicem
269 2683 302 2746 et
321 2675 444 2744 medios
464 2675 582 2766 diptica
597 2682 630 2745 et
646 2675 740 2743 otoo.-

161 2773 289 2843 XXXI
317 2773 440 2845 Libera
453 2793 516 2844 nos
533 2759 811 2867 quaesumus
806 2756 967 2847 bibero
981 2784 1046 2855 n'o's
1061 2794 1268 2869 quaesumus
1276 2772 1411 2844 Domine

110 2875 258 2946 Domine
279 2873 321 2944 ab
344 2874 500 2946 omnibus
513 2875 625 2963 malis⁷
639 2896 739 2967 prae·
793 2853 836 2950 ab
875 2878 1033 2949 omnibus
1057 2877 1192 2964 malis,
1226 2875 1411 2970 praeteri&
1452 2873 1454 2887 '

110 2978 239 3066 teritis,
272 2975 509 3071 praesentibus
536 2986 572 3046 et
596 2975 737 3056 futuris·
792 2980 1030 3077 praesentibus
1056 2988 1091 3050 et
1111 2979 1235 3050 futuris
1254 2987 1295 3048 ‚et
1321 2981 1413 3048 mter·

84 3138 98 3171 Ι.
111 3087 147 3149 et
168 3076 403 3157 intercedente
422 3077 523 3149 beate
537 3087 572 3150 et
571 3078 774 3170 gloriosa
793 3082 945 3161 cedente
967 3081 1068 3153 beata
1096 3088 1132 3152 et
1153 3081 1310 3172 gloriosa
1337 3098 1415 3152 seur

110 3200 249 3273 semper
284 3181 428 3273 virgine.
463 3178 554 3251 Dei·
569 3183 738 3273 genitrice
792 3208 855 3280 per
876 3187 1014 3276 virgine
1035 3174 1122 3254 Dei
1123 3184 1293 3275 genitrice
1315 3180 1426 3252 Maria·

92 3279 219 3352 diaria
241 3304 317 3352 curn
332 3282 445 3355 beatis
467 3282 649 3377 Apostolis
671 3284 737 3355 tuis
792 3308 870 3358 oum
890 3285 1000 3358 beatis
1024 3285 1207 3388 Apostoiis
1228 3286 1298 3355 tuis
1321 3285 1416 3356 Petro

109 3384 227 3456 Petro
234 3393 287 3456 et.
294 3385 404 3457 Paulo
420 3394 535 3479 tut-que
547 3383 689 3456 Andreu
704 3393 738 3454 et
793 3398 827 3460 et
849 3388 956 3459 Paulo
979 3397 1097 3481 atque*
1102 3386 1246 3458 Andrea
1265 3396 1303 3457 et
1321 3386 1417 3458 beato

109 3485 266 3561 omnihus
293 3484 434 3560 Sanctis
458 3489 580 3582 Stpaot
602 3511 650 3559 ee
666 3511 738 3558 wm
791 3489 978 3561 Ambrosio
1018 3499 1053 3559 et
1093 3488 1250 3585 omnibus
1287 3488 1419 3559 Sanctis

107 3589 239 3662 Paleou
258 3613 284 3663 a
300 3592 473 3685 [amaad
486 3598 599 3684 pectre
618 3601 741 3664 deam
791 3595 857 3665 tuis
877 3591 940 3663 du
951 3595 1119 3686 propitius
1142 3610 1264 3686 pacem
1289 3593 1327 3661 in
1354 3590 1419 3660 die-

107 3695 277 3777 occalotur
300 3691 534 3788 depropitius
559 3714 681 3789 pacem
703 3696 739 3763 in
789 3692 869 3772 bus
886 3696 1040 3766 nostris·
1070 3700 1200 3789 ut·ope
1226 3696 1420 3764 misericor·

109 3793 228 3870 diebus
261 3797 408 3869 uostris·
447 3805 486 3866 ut
515 3817 596 3892 ope
604 3798 739 3868 miseri
791 3796 867 3867 diae
902 3803 983 3866 tuae
1016 3795 1133 3873 adiuti
1150 3803 1191 3866 et
1222 3817 1243 3864 a
1276 3803 1419 3890 peccato

108 3899 248 3971 corditio
268 3909 352 3970 tuae
370 3896 478 3969 adiuti
498 3907 533 3968 et
554 3920 574 3968 a
592 3904 737 3992 peccato
790 3901 894 3972 sinsus
919 3919 1056 3993 semper
1081 3898 1196 3997 liberi·
1208 3906 1244 3968 et
1265 3896 1310 3968 ab
1332 3898 1421 3969 omui

107 3999 213 4071 simus
232 3993 371 4098 'semper
392 3999 493 4071 liberi
518 4006 555 4069 et
581 3999 624 4070 ab
647 3999 739 4072 omni
790 4000 1047 4095 perturbatione
1063 4003 1191 4074 securi,
1243 3999 1315 4071 Per
1336 4008 1419 4070 euri-

102 4100 362 4220 perturbatione
384 4104 509 4178 seouri.
790 4103 869 4174 dem
901 4102 1085 4174 Dominum
1117 4114 1284 4175 nostrum
1309 4101 1419 4175 lesum

157 4202 318 4280 &matuta
333 4207 496 4280 Poenam
506 4204 658 4298 Hostiae,
670 4208 739 4277 dte
791 4202 962 4278 Christum
981 4203 1085 4276 filium
1105 4215 1212 4326 tuum,
1230 4207 1290 4309 qui
1309 4215 1419 4276 tecum

105 4311 251 4400 wopau
268 4310 431 4400 Goltccm3
449 4311 643 4403 peaafloettt,
664 4333 739 4379 ιιιι-
789 4311 876 4379 vivit
901 4318 936 4378 et
961 4310 1118 4400 regnat
1109 4329 1143 4379 ιιι
1160 4300 1293 4377 unitate
1315 4305 1419 4402 Spiri

104 4411 164 4502 put,
185 4411 305 4503 occipit
325 4408 488 4505 timeam,
507 4415 640 4507 frcnptt
661 4432 737 4481 eum
789 4418 843 4482 tus
859 4413 969 4484 sancti
990 4409 1098 4500 Deus,
1123 4431 1201 4505 per.
1209 4412 1324 4481 omnia
1346 4429 1418 4483 soe

104 4511 737 4606 mercattcempeamedmdtcem:
788 4512 866 4584 cula
893 4512 1122 4586 saeculorum.
1233 4564 1236 4571 .
1287 4540 1291 4545 ·
