3046 4942
722 295 796 364 loo

205 485 328 561 Quando
348 484 484 547 ludrmus
505 494 631 567 propter
654 487 792 547 uomitum
814 495 863 546 aut
884 486 962 547 aliud
984 486 1163 548 infirmitatis
1181 484 1408 566 impediuntur

103 606 162 650 uon
177 580 266 649 luerit
281 589 558 650 communicandus:
572 598 675 669 potest
687 589 745 649 sibi
761 589 879 650 ostendi
894 606 1003 668 corpus
1017 589 1137 650 Domini
1158 588 1196 650 ad
1211 588 1410 669 ipsiueinbrni
1431 588 1434 597 '

7 760 11 765 ,
103 692 244 752 maiorem
265 689 458 751 devotionem
477 701 508 753 ct
525 691 686 769 digitorum
704 691 779 752 lotio
793 690 850 752 slbi
865 690 970 768 detur,
989 693 1014 751 si
1029 691 1179 770 voluerit,
1199 688 1410 752 dicendumst

103 812 202 854 mun:
240 782 337 854 Deus
363 786 570 856 misereatur
591 787 700 855 nostri
727 794 790 855 etc.
806 779 850 880 1).
1319 868 1324 877 Ι
1419 848 1422 855 .

206 883 350 957 Oratio:
390 882 614 980 Omnipotens
636 888 843 981 sempiterno
870 885 966 959 Deus
993 888 1051 981 qul
1072 874 1243 979 subvenis
1266 882 1384 983 αι’),

102 1022 313 1043 -ὲ-ο--η-ι

191 1103 218 1183 l)
237 1107 347 1167 statuta
358 1105 580 1162 Cameracensis:
602 1106 631 1163 Si
647 1106 767 1163 iuhrmus
780 1106 937 1179 frequenter
951 1104 1080 1163 vomitum
1098 1102 1155 1161 leti
1172 1106 1327 1163 occasione
1336 1104 1411 1179 psha-
1451 1104 1454 1161 l

104 1198 158 1260 tur,
174 1192 401 1252 nonconieratur
415 1190 549 1261 elcorpus
561 1191 671 1260 Christi,
688 1191 736 1247 sed
749 1192 855 1262 credat,
872 1191 933 1263 quia
945 1191 1123 1265 spiritualiter
1133 1191 1256 1263 accepit.
1336 1188 1365 1265 t)
1376 1191 1422 1245 St'
1452 1182 1454 1259 ι

105 1277 194 1336 Cum:
205 1275 372 1349 Exspectant
387 1275 483 1332 lldeles
498 1274 589 1332 donec
603 1276 723 1332 inllrmus
735 1276 946 1333 communicetur
958 1283 986 1333 et
998 1275 1112 1332 redeunt
1126 1291 1213 1347 usque
1226 1275 1264 1331 ad
1279 1275 1410 1331 ecclesian
1452 1262 1454 1311 Ι

20 1424 24 1431 ,
104 1369 167 1434 post
185 1360 379 1429 Sacerdotem,
401 1376 510 1432 semper
524 1358 691 1416 deferentem
703 1376 803 1433 corpus
817 1361 941 1433 Domini,
962 1378 995 1416 ne
1016 1360 1133 1434 populus
1149 1359 1177 1415 in
1193 1359 1337 1416 mundo
1352 1357 1411 1415 sitit
1451 1314 1454 1389 γ

105 1445 212 1503 adoret.
237 1442 269 1501 lu
283 1444 397 1501 Danuuii
411 1444 609 1500 l’arocbialium
624 1444 801 1501 Sacerdotem
820 1446 994 1518 (inpressum
1005 1443 1139 1503 Laudabat
1149 1458 1225 1500 anuo
1240 1444 1331 1519 151⁰),
1344 1442 1409 1517 quod

105 1547 192 1587 meum
206 1536 257 1600 est,
273 1531 414 1588 mundatur
429 1530 568 1603 parochiis
586 1529 734 1586 admouere
745 1530 945 1602 parochianos,
965 1536 994 1585 ot
1014 1530 1166 1601 ubicunque
1184 1528 1292 1585 deterri
1312 1528 1416 1584 rideant

105 1631 208 1689 corpus
223 1615 324 1672 christi
340 1616 432 1674 naum
450 1614 529 1672 flexis
543 1615 659 1686 genibus
674 1622 702 1671 et
716 1615 813 1671 iunctis
834 1617 954 1672 munibus
972 1614 1090 1672 debitam
1104 1621 1134 1670 et
1149 1612 1283 1670 devotam
1304 1612 1409 1669 eiexbl-

103 1701 188 1757 beant
202 1701 385 1757 reverentiam
399 1700 559 1773 suppliciter
573 1700 725 1762 adorando.
759 1699 896 1757 Sacerdos
916 1701 1005 1756 delerl
1021 1699 1057 1756 ud
1074 1699 1211 1755 lullrmnm
1226 1706 1327 1767 cante,
1340 1712 1409 1753 rere·

105 1794 209 1856 rentes,
217 1794 320 1842 mature
330 1786 475 1855 etdevote,
483 1784 601 1842 dicendo
612 1792 715 1857 septem
728 1786 849 1859 psalmos
861 1785 1050 1842 aut-canticum
1061 1783 1196 1855 vaduam
1207 1784 1257 1840 rel
1270 1779 1408 1839 animoli

105 1878 133 1927 et
144 1871 243 1927 lumine
256 1877 284 1926 et
297 1888 366 1943 aqua
381 1869 526 1928 benedicta
541 1876 570 1949 ct
581 1871 739 1945 campanula
751 1869 987 1944 praecedentibus,
1001 1868 1046 1927 ubl
1058 1876 1086 1926 et
1097 1875 1225 1942 quantum
1237 1874 1330 1942 potest
1343 1881 1407 1923 coat-

104 1955 185 2013 modo
200 1956 352 2013 obseruari.

454 2269 507 2346 ll.
552 2270 617 2345 EX
643 2270 832 2347 RITUALI
858 2266 1067 2344 nonullo
1154 2262 1165 2278 ’

207 2414 349 2481 Viaticum
364 2420 554 2489 sacmtissimi
569 2422 705 2500 corporis
719 2419 837 2483 Domini
858 2412 952 2480 nostri
970 2415 1037 2477 lesu
1051 2413 1163 2476 christi
1185 2432 1294 2477 ιιιιιιιο
1316 2412 1407 2475 studio
1451 2453 1454 2485 ι

104 2533 139 2576 uc
152 2514 306 2594 diligentia
320 2523 544 2596 aegrotantibus
559 2532 728 2603 opportuno
743 2531 878 2600 tempore
891 2516 1106 2600 procurandum
1122 2524 1181 2593 est,
1203 2534 1243 2579 oe
1256 2517 1334 2605 lprte
1346 2534 1408 2578 uou-

93 2619 201 2708 tingat
214 2621 282 2681 illos
294 2630 375 2684 tauto
390 2622 470 2686 bono
485 2625 607 2705 parochi
621 2621 734 2685 iucuiria
746 2625 880 2704 priuatos
894 2620 1050 2683 decedere.
1079 2617 1251 2681 Ducendum
1264 2629 1357 2681 autem
1371 2621 1407 2678 ἰι-

105 2722 206 2798 primis
221 2731 277 2798 est,
292 2740 330 2781 ne
345 2725 381 2782 ad
395 2726 536 2801 indiguos
550 2744 615 2785 cum
629 2727 753 2787 aliorum
768 2724 907 2786 scandalo
921 2722 1086 2783 deleratur:
1101 2720 1207 2801 quales
1221 2731 1292 2784 suut
1300 2718 1409 2802 publici

105 2821 242 2897 usurarii,
258 2823 471 2900 concubinarii,
492 2828 610 2887 notorie
626 2828 787 2903 criminosi,
805 2827 973 2887 nominatim
987 2824 1233 2885 excommunicati
1249 2823 1409 2885 uutdeuutt·

105 2920 179 2997 tiati,
194 2922 251 2982 nisi
266 2941 335 3013 sese
350 2926 430 3003 prius
444 2944 527 2986 sacra
542 2925 741 2989 confessione
755 2929 948 3006 purgaverint
963 2935 993 2987 et
1006 2925 1143 3005 publicae
1155 2924 1320 2987 odensioui
1331 2932 1411 3006 prout
1437 2909 1447 2981 ’.

106 3019 143 3081 de
157 3024 221 3082 iure
237 3014 473 3104 satisfecerint1)
516 3022 658 3088 llorteiur
671 3029 818 3109 parochus
832 3032 987 3106 infirmum,
1002 3037 1034 3089 at
1047 3044 1158 3088 sacram
1174 3025 1413 3090 communionem

106 3131 220 3200 sumat,
243 3126 356 3186 etiamsi
378 3129 510 3204 maniter
532 3148 590 3190 non
611 3139 770 3209 aegrotet,
793 3141 842 3192 aut
860 3114 1144 3210 mortis'periculum
1172 3146 1234 3190 uon
1260 3133 1412 3207 immineat,

106 3225 231 3285 maxime
259 3228 372 3289 silenti
397 3231 519 3292 alicuius
538 3232 697 3294 celebritas
723 3232 752 3293 id
777 3233 916 3313 suadeat,
938 3251 1035 3313 neque
1057 3235 1122 3315 ipse
1146 3230 1228 3292 illurn
1253 3236 1414 3294 ministrare

105 3326 264 3391 recusabit.
339 3324 348 3335 '
496 3400 504 3413 ο
821 3391 826 3399 ,
1211 3312 1222 3331 ’

207 3422 400 3512 Proviatlc'o
420 3441 515 3493 autem
537 3435 731 3514 ministrabit,
755 3454 819 3497 cum
839 3435 995 3517 probabile
1017 3445 1083 3514 est,
1106 3434 1185 3515 quod
1208 3428 1274 3497 earn
1296 3435 1414 3516 amplius

105 3549 223 3594 sumere
238 3551 297 3595 nou
308 3534 429 3615 poterit.
469 3534 556 3608 Quod
577 3538 602 3596 si
622 3555 733 3614 aeger,
751 3547 868 3618 sumpto
883 3540 1004 3617 viatico,
1025 3539 1089 3600 dias
1102 3537 1216 3617 aliquot
1230 3539 1354 3615 vixerit,
1371 3536 1414 3597 rel

11 3628 16 3639 '
106 3636 268 3713 periculum
282 3636 385 3701 mortis
398 3638 527 3698 evaserit
542 3646 573 3699 et
585 3642 803 3702 communicare
816 3641 946 3703 voluerit
961 3643 1027 3702 eius
1040 3643 1090 3721 pio
1102 3638 1256 3702 desiderio
1270 3639 1416 3702 l’aroclrut

106 3753 163 3796 non
180 3739 283 3804 deerit.

207 3838 311 3897 l’otest
330 3843 448 3919 quidem
460 3843 605 3904 viaticum
624 3843 708 3904 breti
729 3845 878 3913 morituris
893 3843 955 3907 dari
968 3862 1028 3908 non
1042 3844 1167 3914 ieiunis;
1186 3841 1215 3904 id
1238 3828 1338 3906 musi
1354 3842 1417 3905 dili·

107 3927 214 4010 genter
231 3940 388 4003 curandum
403 3954 460 4022 est,
472 3964 509 4007 ne
523 3947 560 4005 iis
577 3946 733 4027 tribuatur,
756 3947 893 4029 a'quibus
908 3948 946 4010 ob
962 3947 1123 4030 phrenesin
1137 3934 1261 4008 siuebll
1278 3944 1416 4010 assiduam

108 4060 177 4069 ..η-.-
184 4064 216 4073 a..
226 4065 230 4071 .

123 4223 129 4236 ·
191 4140 221 4221 l)
235 4145 508 4219 Agendullonaster.
524 4156 606 4213 ttrt:
630 4157 709 4226 Quod
730 4156 766 4213 ad
785 4174 889 4232 pueros
903 4156 932 4216 id
945 4158 1111 4229 observent,
1126 4161 1157 4215 ut
1177 4157 1203 4215 si
1221 4156 1284 4216 doli
1304 4162 1420 4233 mles·

108 4229 161 4281 stol
172 4233 318 4326 'et‘sacrum
330 4238 400 4296 hunc
416 4239 504 4296 cibum
517 4258 665 4300 secernere
680 4244 799 4313 ualeant,
813 4244 840 4301 in
855 4245 953 4304 mortis
965 4244 1089 4317 periculo
1105 4234 1244 4300 vultisn-
1260 4242 1344 4303 suu
1353 4242 1420 4317 ipsis

109 4308 325 4373 administretur:
342 4339 396 4394 quo
412 4325 541 4383 maiorem
554 4329 670 4399 gratiam
680 4329 815 4401 rccipiunt
826 4336 854 4385 et
865 4344 983 4400 ugonem
1000 4346 1077 4386 suum
1094 4328 1213 4386 lelicitar
1223 4332 1421 4387 conment-

112 4420 149 4434 ···
161 4425 202 4491 ῖ-
214 4399 360 4461 llinlstnri
381 4407 462 4466 debet
477 4412 612 4469 Viaticum
629 4428 647 4467 a
664 4412 779 4484 proprio
795 4415 930 4486 parocho,
948 4404 993 4470 rel'
1009 4414 1065 4470 tlio
1078 4413 1233 4471 Sacerdote
1249 4406 1291 4471 de'
1301 4408 1363 4472 citis
1376 4419 1422 4470 aut

110 4475 244 4539 Ordruurii
259 4485 377 4546 licentia.
407 4491 475 4559 Quia
486 4496 556 4553 baec
570 4495 769 4554 administratio
782 4498 1166 4573 estaotusiurisdictionulis,
1179 4504 1313 4574 specim
1328 4498 1366 4558 ull
1382 4500 1424 4557 iu

110 4566 262 4633 lmrtlc:
277 4570 350 4642 quod
364 4575 444 4646 proin
455 4593 535 4637 remo
549 4580 619 4638 alius
632 4580 692 4638 sine
703 4583 895 4642 commissione
905 4594 1039 4658 usurpare
1048 4590 1153 4659 potest·
