3046 4942
800 232 876 364 aro

180 489 276 554 flexus
288 489 422 552 incensat
433 485 664 566 ammentum,
677 493 738 550 tum
750 486 898 575 Diaconos
912 484 1071 549 catuleas
1085 482 1215 549 calicem
1227 500 1296 547 cum
1305 485 1480 549 &cranam

181 593 219 656 de
238 591 356 673 capsula
380 590 428 652 dat
450 590 485 653 ad
499 608 600 652 manns
616 590 787 652 Sacerdotis
801 599 833 652 st
844 591 920 668 tegit
934 588 1167 651 extremitatibus
1179 587 1259 665 reli,
1282 606 1345 669 quo
1357 586 1481 651 humeros

180 689 259 757 illius
274 693 450 772 circumdat,
471 702 501 754 et
513 692 679 775 procedunt
693 692 814 769 ordine,
827 712 885 774 qno
901 671 1063 768 nausiant,
1083 690 1215 753 defertur
1228 690 1429 753 baldachinum
1441 711 1480 754 sn·

179 812 236 878 per
249 798 469 858 Sacramentum
484 804 516 856 et
529 794 586 857 duo
601 795 741 872 Acolytiai
755 806 820 857 curn
832 794 988 856 thuribulis
1008 796 1146 856 continue
1161 794 1379 856 Sacramentum
1390 795 1480 856 iacen-

179 908 245 961 aaut
266 899 382 959 ioterim
404 906 535 960 cantatur
550 896 696 976 iipmaus:
725 886 865 960 Vexilla
886 889 979 980 regis
998 886 1177 986 prodenni.
1224 895 1299 958 cun
1314 898 1478 959 veneritne·

179 999 287 1063 cardos
301 1001 336 1062 ad
350 1000 468 1078 bitere,
489 1003 588 1082 posito
601 1018 692 1082 snper
705 999 775 1062 illud
789 996 888 1062 calice
902 999 1077 1079 gaucilenus
1091 1016 1205 1060 rursum
1219 999 1357 1060 incensat
1368 1008 1398 1061 et
1407 1017 1477 1062 accc

182 1103 254 1165 dens
275 1103 397 1184 deponit
409 1102 541 1165 ilostism
566 1120 605 1164 ex
620 1100 718 1164 Caiice
736 1120 828 1184 super
847 1111 982 1182 patenam
1008 1119 1092 1182 qoam
1105 1101 1255 1162 Diaconos
1277 1110 1362 1164 tenet
1375 1103 1477 1164 stand

178 1207 264 1286 piens
284 1213 420 1286 patenam
440 1204 477 1266 de
491 1224 575 1267 mano
589 1205 731 1284 meconi,
751 1204 881 1266 ilostinnr
895 1221 1007 1266 sacrm
1019 1204 1103 1285 ponit
1116 1220 1206 1285 super
1224 1204 1403 1284 corporale,
1416 1205 1478 1266 nibil

48 1330 51 1334 “
179 1307 292 1370 dicens.
331 1309 363 1369 Si
378 1309 514 1386 tetigerit
525 1309 761 1386 Summanum,
780 1306 892 1385 digitos
904 1306 1004 1368 abluat
1014 1308 1045 1368 in
1062 1306 1161 1386 aliquo
1174 1323 1258 1367 vase.
1294 1305 1412 1368 iuterim
1422 1307 1477 1369 nn

123 1461 128 1481 ,
180 1426 273 1472 soom
285 1410 410 1490 imponit
422 1411 520 1471 vinum
533 1411 563 1471 in
578 1408 706 1472 Calicem
722 1419 752 1472 et
762 1408 966 1472 Subdisnonua
979 1409 1092 1490 Meam
1106 1426 1189 1489 mam
1202 1409 1357 1472 Sacerdos
1371 1428 1423 1472 non
1435 1410 1475 1471 ie·

179 1511 292 1574 sedicit
304 1497 361 1573 nec
376 1512 446 1573 dicit
458 1530 549 1593 super
563 1530 626 1575 eam
643 1512 813 1575 Orationem
827 1520 1009 1590 cousuetam,
1023 1510 1078 1572 sad
1093 1511 1244 1591 accipiens
1256 1510 1389 1574 &tieem
1400 1512 1475 1574 aliia

181 1633 269 1691 cono,
285 1615 369 1696 pouit
381 1632 471 1696 super
484 1615 587 1677 nimae
603 1616 676 1677 nibil
690 1615 806 1678 diceus:
826 1623 857 1677 ct
870 1615 1019 1677 Diacouus
1030 1613 1113 1675 illum
1128 1614 1266 1694 cooperit
1279 1613 1476 1703 palinadcinls

179 1717 305 1798 imponit
319 1717 469 1780 incensum
484 1719 514 1780 in
531 1717 681 1780 tbaribolo
697 1718 809 1800 absque
824 1717 1032 1779 benedictione
1044 1725 1075 1778 et
1089 1710 1225 1778 incensat
1238 1716 1342 1778 oblata
1355 1725 1386 1780 et
1394 1717 1476 1779 bitarc

126 1887 129 1891 y
178 1818 1476 1902 moresolito‚geuuilecteasantectpost,etquandocnuqnetransitanteSacramentum

283 1920 355 1983 Gom
368 1923 503 1984 incensat
515 1923 624 2002 oblata,
639 1922 723 1985 dicit:
749 1912 930 1987 incensum
948 1912 1037 1985 istud
1058 1930 1114 1984 ete.
1155 1919 1228 1982 Gom
1242 1922 1476 1984 incensataitare

180 2022 266 2087 dicit:
292 2013 468 2106 Dirigutur
494 2014 641 2089 Domine
669 2019 778 2088 oratio
799 2033 857 2086 eto.
899 2024 1022 2101 Quando
1043 2023 1139 2085 reddit
1158 2023 1338 2085 thnribulum
1357 2025 1475 2089 nircooo

179 2124 265 2186 dicit:
292 2112 524 2188 bononuntio
544 2116 645 2190 nobis
664 2135 720 2189 etc.
760 2125 802 2188 ns
816 2127 882 2207 ipse
906 2144 967 2187 non
987 2128 1166 2188 incensatur.
1207 2125 1313 2189 Postea
1323 2126 1475 2207 aliquanta·

178 2224 238 2287 lam
256 2233 340 2286 extra
353 2224 454 2289 ditare
474 2229 503 2289 in
524 2245 616 2291 cornu
630 2225 782 2308 Epistolsc
802 2228 881 2290 lavat
892 2245 993 2289 manns
1008 2229 1079 2290 nibil
1094 2228 1213 2306 dicens,
1230 2227 1334 2291 deinde
1347 2228 1473 2290 inmedio

179 2325 290 2390 attans
303 2327 475 2408 inclinatus,
495 2331 602 2394 iunctis
615 2332 750 2393 manibus
764 2330 849 2395 dicit:
867 2319 906 2393 In
923 2323 1043 2418 spiritu
1062 2321 1259 2395 humilitatis
1272 2339 1328 2393 etc
1367 2328 1473 2392 lisinis

177 2448 283 2493 veram
303 2431 339 2493 ad
352 2433 491 2513 populum
505 2435 534 2514 ia
549 2452 640 2496 coron
656 2433 811 2513 Evangelii
826 2433 897 2496 dicit
912 2445 995 2495 more
1009 2432 1115 2496 solito:
1143 2424 1250 2526 Qrale
1268 2433 1332 2496 elo.
1374 2432 1413 2495 Et
1426 2449 1473 2514 per

179 2552 241 2595 mor
256 2534 332 2596 viam
347 2536 504 2598 revertitur
518 2555 577 2599 uon
592 2539 750 2618 perficiens
765 2537 903 2599 circulum
917 2546 947 2598 et
961 2547 1180 2617 cousequenter
1193 2538 1312 2598 omneis
1325 2536 1391 2598 aliis
1400 2536 1473 2600 dicitt

179 2624 343 2701 Oramus:
366 2627 561 2724 Praeceptis
583 2631 786 2704 salutaribus
807 2649 864 2701 etr„
904 2629 1137 2702 Paternosier
1150 2649 1207 2702 stc
1245 2638 1283 2700 nt
1297 2638 1399 2701 eaden
1409 2655 1473 2700 voce

177 2738 315 2800 absolute
333 2740 399 2799 sine
420 2727 564 2803 Oramus
586 2742 615 2801 in
637 2750 709 2802 touo
731 2739 881 2802 Orationis
901 2739 1008 2801 blissae
1029 2742 1141 2803 laciniis
1163 2740 1254 2804 dicit:
1280 2731 1403 2804 Libera
1418 2751 1473 2802 noa

179 2850 384 2924 quaesumus
406 2829 551 2903 Domine
570 2850 626 2903 etc.
650 2851 680 2903 et
692 2861 751 2903 non
766 2844 863 2921 signat
877 2861 910 2904 se
924 2851 1040 2923 pateus.
1079 2843 1161 2907 Tunc
1176 2843 1339 2907 celebrans
1353 2845 1424 2906 iacta
1434 2861 1473 2904 rc·

176 2944 312 3004 verentia
326 2960 419 3022 usqne
432 2942 467 3003 ad
483 2951 589 3005 terram
603 2946 743 3026 supponit
755 2954 892 3027 patenam
906 2946 1113 3024 Sacrameato,
1137 2946 1258 3026 quodie
1274 2946 1399 3010 dextera
1409 2947 1473 3008 acci

176 3042 263 3125 piens
284 3044 432 3120 elevatus
451 3044 544 3110 rideri
563 3049 657 3128 possit
678 3064 694 3107 a
716 3047 827 3129 popule
849 3057 879 3109 ct
898 3050 994 3110 statim
1014 3067 1104 3129 sopra
1118 3049 1246 3111 calicem
1263 3048 1371 3111 divido
1384 3051 1411 3111 iu
1424 3057 1475 3109 tres

177 3154 294 3227 partes,
321 3165 442 3229 quarum
467 3147 592 3208 ultimam
614 3152 703 3210 mittit
724 3151 754 3211 in
775 3149 902 3212 Culicem
926 3168 1009 3212 more
1029 3150 1143 3230 solito‚-
1162 3151 1236 3212 nibil
1257 3151 1372 3213 dicens„
1413 3138 1477 3215 Pax

177 3237 276 3311 Dom.
293 3249 476 3311 condicitur
489 3267 546 3311 nec
558 3240 681 3334 A'gn'ns
695 3240 781 3327 nei„
800 3270 898 3333 neque
911 3255 993 3333 pacis
1013 3253 1144 3315 osculum
1159 3252 1252 3319 datnr.
1295 3252 1476 3317 Postmodum

176 3351 392 3433 praetermissis
407 3352 516 3414 duabus
532 3353 633 3433 prioris
648 3354 853 3433 orationihus,
874 3353 945 3417 dicit
962 3363 1071 3417 tantum
1087 3365 1275 3438 sequentem:
1303 3346 1476 3444 Perceptio

177 3441 342 3540 Corporis
357 3463 414 3515 eto.
445 3453 517 3516 'inm
530 3454 702 3532 genuflectit
715 3467 745 3520 et
757 3458 866 3537 accipit
878 3467 1012 3539 patenam
1029 3478 1093 3520 oum
1109 3459 1245 3540 corporo
1260 3457 1372 3522 christi
1386 3469 1415 3521 et
1426 3475 1477 3520 ma

175 3558 253 3618 xima
272 3554 435 3619 bumilitate
447 3574 482 3618 ac
494 3559 662 3620 reverentia
675 3558 756 3622 dicit:
783 3551 911 3624 Panem
932 3551 1121 3627 coelestem
1139 3570 1196 3625 eto.
1237 3561 1370 3624 Perculit
1380 3570 1474 3644 pectas

175 3676 259 3720 saum
275 3668 322 3721 ter
335 3658 453 3724 dicens:
466 3648 614 3721 Domine
625 3671 696 3721 non
708 3674 781 3725 snm
791 3652 913 3746 dignus
928 3671 984 3724 etc.
1012 3664 1120 3727 Postea
1134 3666 1274 3744 signatas
1283 3666 1473 3738 Sacramenta,

50 3746 53 3757 ’
168 3759 293 3824 dicens:
317 3749 451 3850 Corpus
471 3752 608 3824 Domini
629 3755 737 3826 nostri
756 3773 811 3828 etc.
847 3763 886 3826 lit
905 3767 993 3827 sumit
1006 3766 1120 3849 Corpus
1142 3777 1331 3830 reverenter.
1365 3763 1475 3827 Deinde

175 3865 293 3927 omissis
315 3864 450 3927 omnibns
469 3883 545 3947 quae
562 3864 620 3926 diei
633 3864 731 3928 solent
748 3875 814 3928 aute
827 3869 1001 3930 santionem
1017 3871 1192 3948 Sanguinis,
1215 3869 1380 3933 immediate
1391 3867 1474 3950 panti·

174 3966 268 4029 culam
282 3965 404 4031 llostiae
424 3987 490 4031 curu
510 3970 580 4030 vino
601 3978 777 4033 reverenter
796 3973 882 4033 sumit
895 3969 1050 4034 decaiicc.
1076 3970 1473 4039 Etmoreaolitoiactanblu·

48 4086 52 4099 ·
174 4070 256 4131 done
269 4069 428 4148 digitorum
442 4078 474 4133 et
490 4080 583 4133 sumta
597 4071 801 4154 purificatione
814 4074 843 4137 in
854 4074 952 4136 medio
966 4072 1075 4137 Altaria
1089 4075 1261 4153 inclinatus,
1276 4077 1411 4140 mnibus
1422 4076 1473 4136 iun·

174 4173 229 4232 otta
244 4170 329 4234 dicit:
345 4160 446 4248 Quod
461 4186 523 4238 ore
537 4167 717 4239 sumsimus
730 4165 875 4239 Domine
887 4186 944 4239 sto.
968 4176 1035 4239 Non
1049 4177 1154 4239 dicitur
1168 4164 1308 4266 Corpus
1319 4179 1414 4242 tuum
1426 4185 1470 4240 etc

173 4273 473 4340 necl'ostcomrnunio
488 4296 544 4340 nec
557 4266 695 4340 Placeat
712 4267 784 4357 tihi,
798 4294 854 4338 uec
866 4277 949 4340 dator
958 4278 1143 4359 Benedictio,
1157 4279 1211 4343 sed
1224 4280 1304 4342 iacta
1316 4278 1468 4343 reverend

173 4370 267 4437 ditari
281 4374 428 4441 Sacerdos
448 4398 512 4441 cum
525 4380 663 4444 ministris
678 4379 803 4442 discedit
816 4387 845 4440 et
854 4379 993 4458 dicuntur
1004 4382 1155 4467 vesperae
1168 4385 1234 4447 sinc
1248 4393 1336 4447 cautu
1352 4392 1382 4446 et
1395 4383 1466 4445 deun·

52 4558 57 4565 1
167 4472 256 4543 datur
266 4475 381 4541 litare.

734 4619 954 4630 ...Μ
