3060 4934
790 302 865 375 296

156 475 236 583 *feri
250 477 352 580 lingua
366 499 454 575 dicat,
468 496 600 558 scilicet:
617 485 792 559 Confiteor
807 495 871 562 eto.
887 494 937 556 sel
951 494 1057 556 saltem
1071 501 1169 554 utatur
1182 490 1228 552 his
1241 487 1362 571 tarbis:
1380 477 1479 551 Gond-

171 606 249 667 teor
268 593 345 665 Deo
369 591 591 684 omnipotenti
611 598 645 660 et
666 590 725 660 tibi
739 589 851 685 Beier.
862 584 894 685 ¹)
917 598 1041 660 Peccata
1054 612 1106 657 sua
1120 592 1230 656 exinde
1243 589 1481 667 confitentend-
1527 615 1530 689 q

170 709 308 782 iuvante,
322 705 558 783 quotiescunque
572 719 646 781 opus
659 700 750 761 iuerit
759 699 936 762 Sacerdote:
952 701 1002 779 qui
1011 698 1201 760 confitentem
1209 700 1269 757 uou
1279 692 1482 773 reprehendet,

171 809 230 872 nisi
245 808 342 883 linita,
360 813 393 866 ut
406 806 530 880 dicetur,
546 802 752 864 confessione:
767 820 864 883 neque
878 800 1092 882 interpellabit,
1108 799 1164 860 nisi
1177 816 1254 879 opus
1272 797 1366 858 luerit
1383 792 1484 875 aliquid

171 910 277 973 melius
291 907 476 983 intelligere:
499 905 625 985 proinde
639 905 772 966 liduciam
786 906 813 965 ei
827 903 969 984 praebeat
983 912 1013 964 et
1027 901 1192 963 humaniter
1208 905 1373 978 suggerat,
1387 907 1420 959 ut
1432 914 1485 959 on·

172 1012 221 1074 uia
239 1019 361 1092 peccata
374 1026 427 1071 sua
441 1009 498 1068 rite
510 1016 540 1067 et
553 1008 671 1084 integre
686 1007 878 1084 confiteatur,
897 1014 1010 1067 remota
1023 1003 1113 1065 stulta
1129 1002 1180 1063 illa
1197 998 1392 1080 quorumdam
1408 1016 1487 1059 rere·

173 1113 294 1189 cundia,
314 1130 371 1191 qua
385 1109 570 1189 praepediti,
586 1108 729 1171 suadente
741 1107 878 1185 diabolo,
896 1115 1018 1188 peccata
1031 1105 1168 1168 conliteri
1182 1120 1243 1165 nou
1255 1101 1380 1163 audent.
1399 1132 1438 1143 -
1457 1101 1487 1161 Si

172 1217 330 1297 poenitens
351 1229 502 1273 numerum
516 1220 547 1272 et
560 1213 680 1289 speclea
694 1221 725 1272 et
740 1211 972 1272 circumstantias
986 1217 1174 1289 peccatorum
1189 1204 1340 1287 explicatu
1356 1219 1489 1265 necessa·

172 1318 232 1377 rias
247 1333 306 1375 uon
323 1313 517 1393 expresserit,
533 1331 599 1374 eum
613 1312 759 1375 Sacerdos
773 1312 934 1392 prudenter
947 1314 1125 1388 interroget.
1141 1338 1180 1349 -
1199 1307 1260 1369 Sed
1272 1314 1382 1368 careat
1393 1323 1430 1366 ne
1443 1322 1489 1365 ca·

173 1418 261 1481 ricsis
278 1424 328 1476 aut
341 1414 493 1476 inutilibus
508 1414 792 1493 interrogationibus
805 1432 980 1493 quemquam
994 1413 1144 1490 detineat,
1166 1408 1343 1491 praesertim
1361 1409 1490 1470 iuniores

174 1520 452 1599 utrimquesecus,
469 1516 515 1578 vel
529 1517 622 1594 alios,
637 1515 675 1577 de
689 1534 725 1577 eo
742 1516 822 1595 quod
837 1517 993 1594 ignorant,
1007 1512 1209 1594 imprudenter
1221 1513 1431 1588 interrogans,
1453 1525 1491 1569 ue

72 1658 75 1663 -
173 1619 342 1683 scandalum
357 1619 514 1698 patiantur,
529 1618 658 1698 indeque
671 1637 798 1699 peccare
814 1604 979 1692 discant²l
995 1649 1030 1661 -·
1048 1617 1170 1678 Demum
1181 1613 1279 1675 audita
1289 1612 1490 1687 confessione,

173 1720 364 1803 perpendens
384 1728 574 1800 peccatorum
596 1738 673 1799 quae
693 1720 744 1782 ille
758 1720 874 1783 admisit
887 1719 1119 1798 magnitudinem
1137 1735 1171 1778 ac
1186 1712 1420 1791 multitudinem,
1436 1728 1490 1794 pro

174 1840 278 1885 corum
292 1824 438 1897 gravitate
452 1840 487 1883 ae
500 1823 683 1901 poenitentis
698 1822 882 1899 conditione,
897 1831 1081 1902 opportunas
1095 1819 1348 1898 correptionesac
1357 1815 1490 1879 monitio·

173 1942 245 2001 nes,
259 1931 348 2002 prout
365 1940 441 2000 opus
455 1941 523 1985 esse
536 1924 660 2001 viderit,
672 1934 794 2004 paterna
810 1926 931 1986 caritate
944 1923 1114 1997 adhibebit,
1128 1930 1158 1984 et
1171 1919 1209 1981 ad
1221 1919 1360 1981 dolorem
1374 1927 1406 1979 et
1423 1933 1491 1978 con·

172 2027 325 2087 tritiouem
339 2022 509 2086 eilicacibus
523 2026 624 2088 verbis
637 2026 785 2089 adducere
799 2026 965 2102 conabitur,
983 2033 1071 2105 atque
1088 2023 1125 2084 ad
1139 2024 1229 2084 vitam
1236 2019 1450 2082 emendandam
1459 2034 1493 2079 ac

172 2127 279 2203 melius
299 2123 505 2185 instituendam
520 2128 655 2205 iuducet,
676 2128 864 2208 remediaque
878 2135 1066 2207 peccaturum
1081 2125 1186 2189 tradet.
1217 2124 1373 2185 Postremo
1387 2120 1491 2183 seluta

174 2246 238 2288 rem
258 2236 288 2287 et
302 2226 529 2287 convenientem
544 2229 775 2291 satisfactionem
790 2238 928 2310 quantum
941 2231 1063 2309 spiritus
1079 2236 1109 2288 et
1122 2224 1277 2307 prudentis
1289 2223 1493 2302 suggesserit,

175 2329 327 2405 iniungat,
340 2327 438 2411 habita
452 2328 567 2388 ratione
580 2338 693 2408 status,
708 2331 901 2410 conditionis,
916 2350 1006 2393 sexus
1021 2339 1052 2394 et
1070 2330 1174 2391 aetatis
1194 2336 1225 2389 et
1238 2328 1307 2389 item
1320 2324 1492 2412 dispositio·

174 2432 221 2493 nis
241 2431 465 2511 poenitentium.
506 2427 670 2512 videatque
687 2451 726 2495 ne
739 2452 795 2513 pcc
810 2436 940 2514 peccatis
955 2432 1095 2512 grauibus
1111 2431 1278 2492 levissimas
1292 2427 1494 2508 poenitentias

173 2535 319 2615 imponat:
343 2549 381 2592 ne
402 2533 427 2593 si
447 2531 527 2592 torte
546 2535 675 2609 peccatis
688 2538 864 2613 conuiaeat,
885 2536 1048 2598 alienorum
1062 2542 1249 2614 peccatomus
1263 2533 1417 2612 particeps
1430 2527 1492 2589 elh-

173 2636 278 2698 ciatur.
304 2634 337 2695 ld
350 2651 424 2694 uero
439 2641 507 2693 aute
522 2633 626 2694 oculos
640 2632 762 2712 habeat,
781 2647 812 2697 ut
824 2638 986 2701 satisfactio
1002 2654 1060 2699 uon
1075 2638 1115 2697 sit
1127 2642 1237 2696 tantum
1252 2632 1288 2695 ad
1303 2649 1403 2694 norae
1414 2631 1492 2691 ritae

175 2735 337 2797 remedium
351 2743 382 2795 et
394 2733 572 2793 infirmitatis
586 2731 838 2813 medicamentum,
852 2739 906 2800 sed
921 2741 1007 2800 etiam
1020 2738 1057 2800 ad
1066 2728 1491 2820 praeteritomnpeccatornn

175 2836 409 2911 castigationem.
426 2863 473 2873 —
490 2814 588 2905 Quar'e
602 2841 697 2906 curet,
711 2843 846 2910 quantum
859 2839 1042 2921 lieripotest,
1060 2838 1412 2916 uteeutrariaspeecalis
1422 2849 1489 2914 poe·

175 2937 314 2996 pitantias
329 2935 477 3010 iniungat:
493 2932 584 2993 veluti
598 2933 695 2993 avaris
710 2933 926 3015 eleemosynas,
940 2941 1107 3002 libidinosis
1124 2941 1233 3000 ieiunia
1245 2938 1296 3000 vel
1309 2937 1385 2998 alias
1398 2935 1489 2997 umis

175 3036 370 3112 afflictiones,
387 3033 530 3135 superbis
554 3033 726 3097 humilitatis
741 3035 867 3114 olliicia,
888 3039 1044 3104 desidiosis
1058 3042 1225 3105 devotionis
1237 3039 1346 3106 smdie
1390 3038 1488 3105 llarios

240 3296 270 3373 1)
289 3299 341 3357 itit.
359 3296 522 3354 Trevireuse
543 3295 627 3355 18³6:
650 3297 798 3354 Poeuiteus
819 3296 885 3353 lacit
906 3297 1114 3359 contessionem
1134 3301 1294 3373 generalem
1315 3299 1430 3363 ὥοοοοε
1447 3297 1488 3354 lcb

176 3398 280 3451 ermar,
298 3383 430 3452 sdndiger
441 3382 551 3437 blenscb
568 3379 678 3436 beichte
697 3381 752 3437 und
774 3382 901 3437 bekenne
919 3400 946 3438 m
964 3400 988 3439 s.
1006 3400 1042 3439 w.
1065 3386 1109 3440 bis
1128 3402 1162 3443 un
1180 3387 1242 3443 ieue
1266 3384 1387 3441 Worte:
1407 3382 1490 3441 tidie

174 3466 284 3525 Schuld.
314 3467 442 3522 Omnibus
456 3465 579 3537 peccatis
593 3465 757 3535 declaretis,
773 3473 855 3539 prout
870 3467 999 3523 memoria
1010 3471 1198 3540 suggesserit,
1210 3476 1238 3526 et
1247 3470 1360 3542 explete
1375 3469 1490 3525 interro·

174 3551 288 3623 gadem
303 3550 476 3619 Sacerdotis,
491 3549 516 3604 ai
532 3549 647 3619 aliquem
663 3550 812 3606 laciendum
827 3549 1005 3620 iudicaverit,
1016 3551 1159 3623 poenitens
1173 3551 1254 3610 dicit:
1274 3552 1426 3611 Diesenod
1439 3550 1490 3607 alle

175 3635 263 3692 meina
284 3634 388 3690 andern
403 3633 527 3702 seneen,
547 3633 633 3689 deren
644 3635 688 3690 ich
703 3635 773 3690 mich
787 3649 840 3691 vor
851 3635 915 3692 Gott
929 3635 1055 3707 schuld'g
1067 3636 1169 3705 weiss,
1187 3635 1248 3692 aiud
1258 3637 1309 3693 mir
1320 3654 1378 3695 rora
1389 3638 1491 3695 llerssr

174 3719 230 3775 leid
240 3718 295 3775 und
310 3735 394 3775 reuco
408 3718 496 3788 mich,
514 3717 579 3774 weil
591 3718 635 3774 iob
647 3721 693 3775 mit
706 3719 854 3776 deoselbeu
871 3719 949 3790 doit,
967 3721 1074 3777 maioen
1088 3721 1279 3791 geraehtesteo
1288 3720 1413 3792 Richter,
1428 3717 1491 3779 ntei-

174 3820 227 3858 ueo
239 3803 434 3858 liehreichsten
447 3802 547 3871 Vater,
565 3801 615 3859 das
626 3804 755 3875 hdchste,
771 3802 862 3860 seiuer
876 3805 963 3860 selhst
973 3821 1074 3875 wcgeu
1087 3804 1156 3860 aller
1167 3802 1249 3861 biche
1260 3804 1317 3861 aud
1331 3803 1407 3863 Ehre
1421 3811 1491 3862 atir-

175 3886 267 3957 digate
277 3889 329 3944 Gut
342 3886 477 3957 beleidigt
490 3886 571 3941 habe.
599 3887 646 3942 lcb
659 3888 717 3943 will
732 3887 802 3943 mich
817 3886 864 3944 mit
876 3888 972 3945 Gottes
984 3889 1063 3945 llillle
1079 3889 1192 3946 bessem
1204 3886 1258 3945 und
1269 3887 1338 3945 bitte
1348 3887 1411 3945 ue.
1424 3888 1491 3945 Ehr-

175 3971 288 4029 wtlrden
300 3990 343 4028 um
354 3971 400 4028 die
410 3971 622 4042 bossprecbuog
635 3972 691 4027 uod
707 3989 749 4028 um
765 3972 826 4028 elue
841 3973 970 4031 heilsame
980 3974 1075 4030 llusse.

236 4056 268 4129 2)
283 4057 337 4113 lata
350 4055 456 4112 cautela
467 4055 495 4110 ia
505 4055 703 4126 interrogando
714 4057 866 4113 adhibenda
881 4066 923 4115 est
934 4058 1094 4131 praesertim
1110 4057 1184 4114 eirca
1195 4063 1303 4114 sextum
1316 4062 1494 4130 praeceptura

173 4140 306 4210 Decalogi
319 4149 347 4197 et
361 4140 487 4197 materias
498 4139 533 4194 ad
546 4139 613 4196 illud
628 4142 806 4212 pertinentes.
834 4142 929 4198 Paucis
944 4143 1037 4200 verbis
1048 4141 1174 4199 utendum
1187 4146 1254 4198 ests
1267 4140 1493 4200 cmtessiomrio

175 4229 203 4278 ct
217 4225 302 4281 verba
314 4240 490 4299 quaecunque
501 4225 662 4281 modestiam
675 4227 801 4282 comitem
816 4225 917 4281 hebere
929 4226 1037 4284 debent
1059 4227 1134 4283 ilaue
1147 4242 1240 4282 sanan
1255 4241 1288 4282 so
1302 4226 1494 4285 sebrbrew

172 4313 262 4363 terum
274 4308 427 4366 doctrinan
440 4309 551 4381 saepius
565 4310 711 4382 negligent
726 4308 850 4378 ieschae,
863 4316 893 4365 ut
906 4320 981 4383 patet
994 4329 1029 4368 ex
1040 4309 1189 4368 eorundem
1201 4310 1278 4368 libris
1289 4307 1495 4383 poenitentiali·

174 4389 234 4450 bus.
265 4392 362 4449 Pulcra
372 4393 489 4463 Agenda
505 4395 651 4450 llonuster.
665 4397 747 4451 171²:
771 4393 877 4449 Pariter
896 4411 951 4452 uon
968 4404 1048 4453 uacat
1066 4395 1173 4468 quidem
1189 4395 1316 4468 periculo
1330 4394 1367 4452 de
1378 4392 1495 4455 dirersis

136 4490 142 4505 ¹
174 4471 296 4529 luxuriae
315 4477 438 4548 peccatis
455 4480 618 4534 coaliteotss
634 4477 729 4533 audire
749 4507 790 4519 -
807 4509 849 4520 —-
870 4479 950 4537 radio
966 4481 1068 4554 solari,
1087 4481 1134 4554 qui
1146 4480 1256 4539 cloacas
1266 4480 1418 4553 madramil
1430 4477 1497 4553 οὐ

173 4555 309 4626 foedetur,
320 4559 349 4614 hi
361 4575 417 4615 non
427 4558 565 4617 absimiles
577 4578 608 4619 sc
620 4556 834 4635 deprehendent.
