3046 4942
724 309 800 380 334

130 506 137 521 ¹
206 494 328 568 Libera
350 504 413 564 etc.
438 495 526 564 sicut
546 491 698 563 liberasti
719 490 898 562 Danielem
921 489 965 560 de
988 489 1064 560 lacu
1083 492 1244 560 leonum.

205 598 327 669 Libera
344 605 407 666 etc.
427 597 513 666 sicut
528 592 682 665 liberasti
698 601 770 665 tres
787 613 916 688 pueros
935 590 980 662 do
998 593 1132 663 camino
1151 593 1247 684 iguis
1264 587 1412 669 ardentia

205 698 328 770 Libera
349 707 413 768 otc.
434 699 522 770 sicut
544 696 698 769 liberasti
721 693 910 767 Susannam
938 692 982 764 de
1004 693 1094 767 falso
1122 696 1281 766 crimine.
1450 746 1454 753 -

206 800 329 871 Libera
352 810 417 871 etc.
446 802 532 872 sieut
563 796 718 871 liberasti
745 796 858 868 David
886 796 929 867 de
955 817 1057 866 manu
1082 798 1179 889 regis
1208 794 1297 869 Saul
1324 806 1359 869 et
1377 797 1413 871 ds
1453 840 1456 847 ·

102 925 204 976 manu
226 901 357 972 Gallae.

205 1003 329 1077 libera
350 1013 413 1073 etc.
441 1005 528 1074 sicut
555 1001 708 1074 liberasti
730 1001 867 1072 Pet-rum
893 1010 928 1071 et
948 999 1092 1072 Paulum
1119 998 1166 1070 de·
1186 1000 1393 1076 carceribus

205 1106 250 1177 Et
269 1108 357 1178 sicut
376 1103 608 1176 beatissimam
627 1102 790 1173 Theclam
811 1104 982 1195 virginem
1004 1111 1039 1172 et
1058 1111 1249 1196 martyram
1268 1113 1360 1173 tuam
1378 1101 1413 1175 de

104 1312 203 1383 buius
221 1311 317 1382 servi
342 1310 390 1379 tui
412 1317 448 1378 et
472 1318 586 1379 tecum
607 1308 715 1379 facias
736 1308 771 1376 iu
793 1304 893 1378 bonis
915 1305 1136 1398 congaudere
1159 1303 1411 1404 coelestibus¹J

206 1408 491 1483 Commendamus
511 1410 571 1481 tibi
587 1409 734 1480 Domine
753 1410 896 1478 animam
913 1406 1032 1478 famuli
1048 1409 1097 1478 tui
1109 1405 1150 1477 N.
1167 1430 1413 1504 precamurque

103 1525 138 1586 te
156 1513 303 1585 Domine
330 1511 409 1584 lesu
428 1510 575 1600 christe,
599 1511 762 1584 Salvator
784 1509 912 1597 muudi,
938 1519 976 1580 ut
996 1517 1139 1604 propter
1161 1531 1266 1604 quem
1291 1511 1335 1582 ad
1355 1521 1411 1583 ter-

103 1637 177 1687 ram
198 1613 467 1686 misericorditer
487 1613 707 1703 descendisti,
730 1610 1004 1684 Patriarcbarum
1025 1620 1161 1682 tuorum
1186 1612 1324 1686 sinibus
1344 1614 1412 1685 iusi·
1452 1652 1457 1677 ι

103 1738 211 1788 uuare
230 1738 300 1787 uon
326 1737 461 1788 renuas.
516 1716 684 1809 Agnosce
707 1714 854 1786 Domine
880 1723 1072 1785 creaturam
1096 1723 1189 1783 tuam
1217 1736 1293 1785 non
1314 1738 1333 1785 a
1358 1714 1413 1787 diis
1448 1744 1457 1765 ι

103 1818 224 1890 alienis
243 1826 406 1909 creatam,
426 1816 488 1889 sed
506 1840 527 1889 a
545 1828 580 1889 te
602 1816 679 1890 solo
693 1817 770 1888 Deo
788 1818 872 1887 vivo
894 1825 929 1886 et
946 1836 1052 1887 vero:
1074 1817 1242 1908 quianon
1261 1826 1318 1889 est
1336 1817 1413 1889 alius

103 1919 199 1992 Deus
229 1918 368 2014 praeter
400 1928 436 1990 te
470 1931 504 1991 et
524 1941 594 1991 uon
622 1928 675 1992 est
699 1916 887 1992 secuudum
914 1938 1019 2013 opera
1045 1926 1112 1987 tua.
1166 1915 1332 1990 Laetilica
1351 1918 1414 1990 Do

103 2023 193 2092 mine
220 2023 367 2091 animum
396 2022 470 2092 eius
499 2025 533 2092 iu
564 2030 755 2115 conspectu
782 2029 842 2090 tuo
865 2029 899 2092 et
919 2041 964 2089 ue
986 2020 1182 2091 memineris
1207 2022 1416 2114 iniquitatum

103 2125 177 2194 eius
201 2125 412 2216 antiquarum
435 2131 471 2191 et
496 2121 719 2211 ebrietatum,
748 2142 833 2216 quas
859 2123 1036 2194 suscitavit
1056 2119 1172 2209 furor,
1201 2124 1279 2194 sive
1298 2121 1416 2195 fervor

103 2224 183 2295 mali
206 2222 376 2295 desiderii.
430 2221 526 2293 Licet
547 2225 637 2294 enim
657 2224 869 2317 peccaverit,
881 2232 1006 2293 ‘tamen
1022 2222 1159 2295 Patrem
1182 2233 1219 2293 et
1242 2220 1365 2295 Filium-
1379 2230 1420 2293 et

103 2323 266 2420 Spiritum
288 2323 449 2396 Sanctum
469 2346 539 2395 non
560 2323 782 2416 negavitscd
803 2323 947 2394 credidit
969 2332 1004 2395 et
1023 2324 1135 2395 zelum
1157 2324 1227 2396 Dei
1246 2328 1282 2397 iu
1298 2348 1337 2400 se
1356 2324 1415 2396 ba-

103 2428 175 2499 buit
202 2437 237 2497 et
261 2426 392 2515 Deum,
419 2429 478 2520 qui
503 2426 586 2497 fecit
613 2428 744 2515 omnia,
771 2423 918 2497 fideliter
938 2425 1105 2497 adoravit.

205 2528 341 2601 Delicta
363 2531 549 2602 iuventutis
572 2538 607 2599 et
628 2528 839 2621 ignorantias
861 2529 953 2614 eius,
983 2549 1209 2620 quaesumus,
1236 2551 1282 2600 ue
1305 2530 1418 2600 memi-

104 2633 196 2705 ueris
218 2630 384 2703 Domine:
408 2629 471 2703 sed
494 2630 681 2704 secuudum
703 2650 861 2721 maguam
882 2627 1152 2700 misericordiam
1171 2640 1265 2701 tuam
1289 2652 1420 2704 memor

104 2745 179 2806 esto
203 2732 295 2806 illius
315 2734 350 2801 iu
372 2731 485 2823 gloria
506 2732 670 2804 claritatis
689 2741 779 2801 tuae.
817 2730 1027 2824 Aperiantur
1049 2733 1081 2800 ei
1103 2731 1208 2820 coeli,
1230 2732 1422 2805 collacum

103 2845 158 2906 tur
187 2834 238 2904 illi
264 2834 403 2925 Augeli
455 2832 495 2903 lu
521 2855 667 2925 reguum
689 2843 783 2904 tuum
808 2831 955 2903 Domine
981 2852 1121 2905 servum
1148 2843 1245 2904 tuum
1271 2838 1419 2931 suscipe

104 2931 276 3029 Suscipiat
302 2955 381 3005 eum
407 2933 442 3008 S.
460 2931 610 3007 blicbael
630 2933 874 3026 Ambaugelus
896 2931 984 3022 Dei,
1010 2937 1068 3027 qui
1088 2933 1230 3007 militias
1256 2937 1418 3011 coelestis

104 3037 228 3106 meruit
246 3039 480 3131 principatum
525 3035 674 3107 Veniant
695 3035 745 3106 illi
767 3034 904 3107 obviam
920 3037 1029 3106 sancti
1045 3035 1175 3128 Augeli
1195 3035 1265 3109 Dei
1288 3049 1325 3110 ot
1345 3060 1418 3135 pcr-

105 3134 229 3208 ducaut
250 3157 329 3207 eum
348 3140 384 3207 iu
404 3141 577 3210 civitatem
599 3138 786 3211 coelestem
805 3135 1003 3208 Ierusalem.
1046 3134 1219 3234 Suscipiat
1238 3148 1324 3211 sord
1342 3139 1417 3211 bea-

103 3247 159 3309 tus
185 3235 308 3308 Petrus
334 3237 547 3334 Apostolus,
581 3243 637 3310 cui
664 3261 683 3309 a
710 3238 786 3311 Deo
814 3238 934 3310 claves
959 3242 1061 3330 regui
1085 3241 1252 3313 coelestis
1274 3240 1418 3313 traditae

105 3348 191 3413 sunt
236 3336 391 3409 Adiuvat
410 3362 488 3410 eum
515 3338 550 3413 S.
574 3340 701 3411 Paulus
726 3338 931 3433 Apostolus,
950 3362 1009 3433 qm
999 3340 1150 3433 diguus
1171 3340 1236 3413 luit
1256 3362 1340 3416 esse
1359 3362 1416 3416 ιιι

105 3440 295 3512 electionis.
347 3438 541 3511 luterccdat
570 3461 634 3535 pro
667 3461 710 3510 co
736 3438 771 3511 S
795 3439 943 3513 loannes
964 3440 1097 3515 clectus
1123 3442 1191 3513 Dei
1211 3442 1417 3538 Apostolus,¹

106 3543 162 3613 cui
185 3539 343 3612 revelata
363 3549 443 3614 sunt
462 3553 597 3614 secreta
615 3540 790 3613 coelestia.
844 3540 953 3613 0rent
975 3564 1038 3637 pro
1059 3565 1103 3615 eo
1122 3564 1245 3616 omues
1265 3544 1305 3617 S
1325 3545 1414 3639 Apo

106 3642 203 3732 stoli,
235 3642 357 3737 quibus
384 3664 405 3713 a
430 3642 579 3715 Domino
607 3641 684 3714 data
711 3651 764 3714 est
789 3653 943 3753 potestas
959 3643 1096 3737 ligandi
1121 3654 1225 3740 atque
1249 3642 1409 3717 solvendi

105 3741 322 3817 intercedant
342 3744 407 3840 pr‘o
429 3766 475 3817 eo
493 3766 614 3818 omues
633 3742 750 3817 Sancti
772 3754 807 3816 et
827 3739 930 3815 electi
949 3743 1034 3835 Dei,
1048 3749 1106 3840 qui
1115 3767 1186 3842 pro
1211 3742 1341 3821 Christi
1355 3762 1411 3817 no-

106 3898 319 3918 -———d—-

172 3977 202 4051 l)
224 3984 304 4041 Brea.
327 3984 438 4043 Roman.
459 3985 504 4041 dic
525 3984 612 4042 lllllll
625 3984 702 4058 Sept.
718 4017 781 4055 „-
800 4016 834 4026 —
853 3985 881 4040 B.
900 3984 1018 4054 Thecla,
1042 4000 1102 4040 cum
1116 3999 1175 4040 cam
1190 3990 1335 4057 parentes,
1348 3978 1416 4057 quod

24 4118 27 4123 .
108 4059 258 4121 Christiana
277 4075 354 4126 esset
374 4075 565 4139 accusassent,
587 4069 614 4124 in
633 4069 773 4126 ardentem
797 4085 912 4140 rogum,
936 4068 981 4141 qui
1001 4068 1054 4125 nisi
1069 4064 1415 4127 emmerammenses

108 4150 217 4214 parolus
232 4159 308 4221 erat,
327 4155 407 4231 prius
418 4155 499 4226 signo
514 4154 604 4213 crucia
618 4161 722 4217 ιιιιιιιι
735 4171 767 4215 sc
780 4155 866 4227 ipsam
880 4153 982 4213 iniecit.
1011 4153 1090 4211 Sed
1082 4153 1271 4225 aquemuensis,
1286 4164 1359 4226 qaae
1372 4167 1415 4208 ιι-

108 4233 189 4294 pente
203 4241 300 4289 exortu
314 4244 356 4292 est
370 4240 503 4311 extincto,
517 4237 689 4295 Antiochiam
704 4234 792 4294 veuit:
808 4238 854 4292 ubi
869 4237 935 4293 ieris
949 4237 1069 4307 obiecta,
1083 4241 1113 4292 et
1125 4235 1415 4307 tanrlsludiscrnia·

109 4305 198 4367 citatis
217 4315 346 4386 alligata,
365 4338 428 4377 mox
444 4323 591 4379 coniectu
583 4339 611 4377 ru
626 4323 727 4380 lassam
741 4322 847 4393 plenam
862 4322 1037 4392 serpeutlbus
1051 4337 1086 4376 ex
1100 4322 1224 4377 omuibus
1239 4320 1303 4379 lesu
1311 4315 1414 4377 'christi

107 4391 197 4458 mli·
211 4395 372 4455 liberaturf‘
399 4406 461 4461 Tria
476 4407 645 4463 atrocissima
659 4411 810 4473 tormenta,
827 4403 851 4460 si
870 4405 934 4476 quid
949 4405 1041 4473 rideo,
1057 4405 1187 4463 luerunt
1179 4406 1291 4475 ignia,
1306 4407 1413 4469 teras,

108 4485 319 4549 terpentes,
339 4498 411 4553 non,
431 4488 845 4559 utplaooitltarouioiguis‚
866 4490 1063 4559 tbsatrun,
1084 4489 1298 4584 bectinc-
1313 4486 1413 4597 ltitaale

106 4553 229 4611 Stevirc
243 4569 902 4636 --tnamdetorrnautislibcraati
