3046 4942
794 311 869 382 880

174 497 360 573 sanctificet
381 506 482 590 atque
504 499 538 566 in
559 515 603 566 eo
626 516 761 589 semper
782 496 973 568 oblationes
991 493 1197 566 famulorum
1215 513 1367 566 suorum
1382 492 1483 567 studio

175 608 313 676 sanctae
335 599 528 671 devotionis
550 599 726 692 impositas
747 598 999 691 hene†dicere
1025 592 1349 686 et·sancti†·licare
1375 594 1483 688 digne

175 715 249 789 tur,
272 704 306 771 et
328 701 495 795 spirituali
519 701 674 795 placatus
697 701 839 774 incenso
866 698 1026 796 precihus
1053 699 1204 771 familiae
1228 719 1320 772 suae
1338 707 1484 794 promtus

176 803 357 877 exauditor
382 805 526 877 assistat.
573 802 639 873 Per
660 799 839 877 Christum.
880 808 923 893 lp.
947 803 1070 874 Amen.
1079 799 1109 889 1)
1151 810 1272 873 Deinde
1288 809 1481 874 summata·

175 933 294 977 censum
308 932 400 994 super
412 915 504 975 altare
522 913 724 990 cremandum,
741 925 822 977 stans
837 913 965 992 ibidem,
981 914 1118 994 deposita
1131 916 1239 991 mitra,
1252 913 1480 978 noemam:

175 1009 322 1082 Domine
340 1008 474 1079 exaudi.
518 1011 560 1098 lp.
583 1006 627 1078 Et
649 1007 778 1081 clamor
798 1007 965 1080 Dominus
986 1007 1064 1079 voh.
1105 1012 1147 1099 lp.
1170 1006 1331 1080 Etcum.
1398 1062 1409 1077 .

281 1111 424 1182 Oretum.
466 1110 612 1180 Domine
633 1108 728 1182 Deus
749 1113 976 1205 omnipotens,
996 1113 1051 1181 cui
1071 1112 1197 1183 assistit
1220 1110 1399 1181 exercitus
1416 1106 1478 1179 hn-

176 1214 333 1308 gelorum
353 1234 431 1283 cum
451 1223 614 1299 tremore,
635 1234 780 1305 quorum
800 1215 976 1285 servitium
998 1213 1173 1308 spirituale
1194 1221 1233 1284 et
1253 1213 1395 1305 igneum
1411 1230 1477 1283 asae

177 1317 418 1409 cognoscitur,
451 1314 593 1408 dignare
623 1317 821 1410 respicere,
854 1314 1118 1408 hene†dioere
1150 1324 1185 1386 et
1218 1311 1475 1408 sancti†hmre

55 1422 63 1431 “
177 1419 264 1489 hanc
291 1427 480 1490 ereaturam
506 1419 651 1503 incensi,
677 1427 713 1489 ut
739 1439 858 1489 omnes
882 1419 1082 1510 languores,
1108 1439 1302 1511 omnesque
1325 1415 1475 1487 infirmita·
1513 1426 1515 1445 '

176 1533 230 1593 tes
248 1530 349 1614 atque
371 1519 515 1592 insidiae
533 1521 659 1590 inimici
678 1518 820 1592 odorem
839 1523 915 1592 eius
934 1522 1121 1594 sentientes
1140 1520 1321 1612 effugiant,
1344 1528 1378 1590 et
1392 1537 1473 1612 scpt-
1512 1464 1515 1601 i

176 1634 295 1694 rentur
318 1644 336 1691 a
358 1623 524 1717 plasmate
547 1632 619 1710 tuo,
651 1623 741 1716 quod
768 1624 920 1717 pretioso
948 1622 1008 1692 lilii
1033 1624 1082 1693 tui
1107 1624 1278 1715 sauguine
1305 1620 1471 1705 redemisti
1512 1604 1515 1707 l

139 1767 142 1777 ·
178 1735 214 1796 ut
237 1745 409 1815 nunquam
435 1723 590 1795 laedatur
615 1746 636 1794 a
663 1746 779 1798 morsu
801 1727 907 1819 iniqui
929 1727 1109 1819 serpentis.
1151 1724 1221 1796 Per
1242 1723 1400 1797 eundem.
1438 1725 1469 1811 Pp.
1512 1730 1515 1765 ¹

177 1821 329 1899 Αιιιιιιι.2
513 1842 517 1863 ³
1313 1840 1317 1847 ’

71 1949 78 1958 “
280 1825 396 1998 seinte
415 1940 548 2017 aspergit
566 1939 663 2016 ipsum
682 1955 756 2015 aqua
773 1935 926 1998 benedicta
942 1948 971 1998 et
984 1945 1107 2017 accepta
1120 1938 1226 2016 mitra,
1245 1937 1353 1999 lormat
1370 1935 1472 2017 propr'n

178 2058 263 2101 manu
276 2059 314 2100 ax
327 2041 392 2118 ipso
407 2041 530 2099 incenso
546 2040 675 2118 quinque
690 2057 812 2115 cruces,
833 2040 993 2118 quemlihet
1008 2039 1046 2101 de
1060 2040 1190 2120 quinqua
1203 2041 1325 2119 granis,
1336 2036 1474 2121 superilh

179 2143 309 2222 quinqua
321 2140 388 2200 loca
401 2139 513 2215 altaris,
527 2141 557 2199 in
571 2140 676 2218 quihus
691 2159 794 2200 cruces
810 2141 848 2201 de
860 2160 934 2221 aqua
949 2152 980 2203 et
993 2142 1063 2204 oleo
1077 2160 1113 2205 ac
1125 2140 1292 2205 chrismate
1304 2143 1476 2221 lamesprirs

177 2242 297 2303 inerunt
318 2252 348 2302 et
367 2258 457 2320 super
470 2240 629 2320 quemlihet
647 2259 763 2302 crucem
777 2243 870 2303 thuris
883 2246 968 2324 ponit
983 2262 1068 2307 uuam
1082 2262 1201 2306 crucem
1215 2247 1318 2307 lacum
1332 2242 1368 2305 de
1381 2241 1475 2303 atuh

180 2342 319 2420 candela,
339 2342 374 2404 ad
393 2361 556 2403 mensnram
570 2343 665 2404 cineis
681 2343 719 2403 de
736 2348 839 2421 granis
854 2347 966 2408 incensi
981 2348 1094 2424 laetae,
1115 2355 1146 2408 et
1159 2347 1317 2411 cuiuslihet
1327 2347 1422 2408 crucia
1435 2363 1475 2406 ca·

180 2449 241 2529 pita
258 2446 476 2521 accenduntur,
498 2456 530 2506 nt
551 2465 616 2507 cum
631 2448 703 2526 ipsis
717 2447 783 2508 thus
799 2448 985 2510 comburatur
999 2458 1029 2511 et
1042 2459 1197 2514 cremetur.
1238 2449 1379 2512 Omnibus
1391 2457 1476 2508 auten

179 2549 316 2612 crucibus
330 2551 473 2625 accensis,
488 2548 627 2612 Pontifex
647 2549 781 2629 deposita
795 2552 890 2626 mitra,
907 2551 992 2612 llexis
1007 2552 1198 2615 coramaltari
1207 2553 1348 2632 genibus,
1361 2552 1477 2625 inchoat,

179 2629 281 2714 schola
297 2660 498 2732 prosequente
510 2641 672 2714 Alleluia.
705 2642 792 2713 Veni
810 2655 926 2715 sancte
942 2643 1101 2740 Spiritus,
1118 2645 1217 2741 reple
1234 2656 1374 2719 luorum
1386 2641 1477 2717 cordi

178 2745 329 2818 fidelium
351 2755 386 2816 et
403 2747 451 2817 tui
474 2746 598 2816 amoris
619 2747 655 2814 iu
676 2748 750 2816 eius
772 2748 886 2837 ignem
905 2746 1068 2818 accende.
1101 2756 1165 2819 Nisi
1179 2759 1370 2820 consecratio
1387 2757 1476 2819 hatin-

180 2867 226 2918 ter
237 2857 419 2919 Dominicam
442 2857 686 2935 septuagesimae
710 2866 740 2916 et
758 2857 866 2918 lectum
888 2859 1018 2920 Paschae
1041 2858 1283 2924 Resurrectionis
1303 2861 1421 2924 Domini
1435 2874 1475 2919 m·

180 2961 233 3021 stri
247 2959 315 3021 lesu
329 2959 453 3036 Christi,
473 2960 539 3038 quia
561 2968 631 3018 tune
651 2961 761 3020 omisso
775 2959 902 3021 Alleluia
922 2961 1028 3023 dicitur
1050 2981 1153 3024 versus
1172 2963 1208 3026 ad
1222 2963 1317 3025 altare
1332 2963 1476 3024 ainenitrt

180 3071 212 3123 et
229 3063 330 3124 schola
351 3070 446 3123 cantat
461 3060 660 3141 Antiphonem
680 3061 750 3122 duas
772 3073 948 3142 sequentes:
979 3055 1147 3129 Ascendit
1167 3055 1283 3128 sumus
1305 3065 1474 3129 aromaun

180 3158 216 3224 in
246 3165 433 3249 conspectu
455 3154 591 3226 Domini
613 3153 655 3224 de
678 3176 779 3225 manu
803 3156 943 3249 Angeli-
984 3167 1067 3228 hita:
1091 3157 1193 3231 Stetit
1217 3159 1382 3252 Angelus
1399 3161 1475 3230 iuna
1513 3216 1515 3221 .

181 3277 275 3326 aram
301 3258 416 3350 templi
442 3255 571 3331 hahens
597 3256 802 3329 thuribulum
823 3261 858 3329 in
880 3282 1022 3331 aureum
1035 3282 1136 3333 manu
1151 3284 1214 3334 sua
1227 3273 1264 3333 et
1277 3248 1357 3334 data
1370 3257 1474 3336 suala
1513 3294 1515 3299 ·

181 3360 320 3429 incensa
342 3359 446 3431 multa
467 3370 501 3430 et
520 3359 673 3433 ascendit
694 3359 807 3432 fumus
828 3371 1016 3435 aromatum
1038 3365 1073 3433 in
1094 3376 1287 3459 conspectu
1304 3364 1380 3437 Dei.
1417 3371 1473 3433 sinc

180 3458 345 3546 Alleluia,
388 3470 500 3544 Quibus
515 3472 604 3533 linitis
618 3472 756 3533 Pontifex
770 3473 864 3534 adhuc
879 3484 960 3536 stans
978 3484 1046 3535 aute
1059 3475 1152 3537 altare
1165 3465 1231 3537 sine
1245 3479 1333 3538 mitra
1346 3477 1424 3537 dicit:

284 3564 429 3634 &annm
473 3572 509 3634 Et
535 3576 671 3635 ministri:
699 3564 892 3638 Flectamus
920 3589 1041 3659 genua.
1083 3574 1126 3660 lp.
1153 3568 1297 3642 Levato.
1348 3569 1472 3641 Domine

180 3675 311 3754 sancte,
332 3674 430 3761 pater
453 3670 680 3764 omnipotens,
703 3677 842 3738 aeterne
862 3669 971 3758 Deus,
993 3670 1144 3745 clemens
1165 3683 1200 3745 et
1225 3675 1390 3769 propitius
1404 3687 1470 3764 pre

252 3923 281 3999 1)
301 3923 357 3979 (iel.
370 3922 478 3979 llissale
490 3923 662 3979 Francorum.
681 3924 713 3978 ll.
727 3924 755 3978 Τ.
769 3918 895 3980 mis.'de
905 3941 1089 3997 precemur
1105 3924 1341 3984 dilectissimi
1353 3925 1471 3982 iratres

181 4004 263 4078 Grcg.
280 4009 518 4079 Depreoamur
534 4008 604 4066 mis.
621 4009 653 4063 A.
671 4025 697 4062 0.
712 4026 735 4063 a.
751 4011 780 4064 D.
809 4009 865 4065 Gel.
879 4011 961 4081 Greg.
976 4011 1047 4071 llice.
1062 4012 1108 4070 Po.
1122 4011 1151 4069 h.
1164 4011 1197 4065 ll.
1210 4029 1260 4085 sp.
1276 4004 1471 4069 consecrer

181 4091 262 4146 dum.
291 4094 319 4149 T.
342 4093 540 4163 spiritalis.
574 4092 630 4151 Get.
653 4094 735 4163 Greg.
757 4095 829 4153 ilias.
854 4097 943 4154 Pel.
965 4096 1178 4155 exorandus.
1208 4091 1472 4168 Greglitssliei.

181 4176 329 4233 utineo.
359 4176 553 4235 hhetiueo.
585 4179 666 4249 Greg.
683 4180 717 4234 hl.
734 4180 898 4237 famulor.
916 4189 1064 4241 tuorum.
1093 4181 1471 4255 Gelonittitatqueineo

181 4261 389 4318 oblationes
404 4263 610 4319 famulorum
625 4280 774 4319 suorum.
806 4265 862 4324 Gal.
880 4265 963 4336 Greg.
980 4267 1053 4324 lliss.
1069 4268 1112 4323 Fe.
1129 4266 1159 4322 T.
1173 4284 1258 4325 suae
1273 4262 1469 4325 deuotionis.

181 4345 213 4399 li.
235 4361 317 4400 auae
340 4345 455 4402 devot.
572 4349 804 4404 benedicere.
834 4351 866 4404 ill.
891 4351 1028 4423 utspir.
1057 4352 1113 4409 Gel.
1133 4347 1468 4424 Greg.hlise.Fo.spiri·

181 4429 260 4484 tali.
281 4430 897 4506 l'.spiritaleplaeatusincensum,
929 4436 985 4492 Gal.
1004 4437 1077 4496 lliss.
1093 4439 1136 4494 lc.
1154 4438 1323 4510 precanti
1340 4435 1437 4496 lamii.
1452 4448 1467 4486 s·

180 4512 212 4568 ll.
229 4514 414 4583 praesenti
429 4515 446 4570 i.
464 4536 487 4574 s.
502 4519 529 4572 T.
548 4520 628 4588 Greg.
646 4520 830 4577 incensum
846 4520 1014 4578 familiae.
1057 4532 1062 4537 ’

248 4595 509 4663 mussitantem
525 4605 720 4662 vetustioribus
739 4605 823 4665 libris.
