3046 4942
721 264 796 333 214
853 254 857 271 '

111 446 202 545 apud
222 468 286 522 nos
307 448 455 521 certiora
474 456 590 523 essent
612 442 849 543 experimenta
864 466 992 532 rerum,
1011 464 1113 538 mam
1129 445 1333 537 aenigmata
1349 443 1425 538 dgn-

110 572 234 622 rarum.
274 548 371 623 Illius
392 570 539 645 namque
562 546 756 623 Sacerdotii
778 549 960 620 anterioris
979 538 1116 620 babitus
1139 554 1288 620 rosnae
1311 551 1423 621 mentis

111 662 250 724 ornatus
277 660 348 725 esta
383 660 418 722 et
448 649 652 747 pontificalis
679 651 812 747 gloriae
820 645 851 745 1)
880 669 951 719 nen
983 650 1049 743 iarn
1076 648 1176 721 nobis
1215 649 1422 721 commendat

31 790 34 795 ·
110 753 276 826 honorem
301 755 469 842 vestium,
498 751 561 835 sed
585 752 806 847 splendorem
831 752 1037 821 animarumz
1064 753 1143 844 quia
1170 760 1207 822 et
1233 750 1317 840 illa,
1342 743 1424 845 quae·

108 864 190 926 tunc
222 853 414 927 carnalibus
446 851 707 925 blandiebantur
734 851 929 947 obtutibus,
957 847 1043 945 σι’)
1067 855 1204 946 potius,
1238 873 1330 946 quae
1353 849 1415 948 in⁸)

109 958 191 1051 ipsis
218 965 328 1044 erant,
352 953 575 1047 intelligenda
601 953 799 1050 poscebant.
852 951 897 1024 Et
923 951 1053 1025 idcirco
1078 952 1219 1026 famulis
1239 955 1321 1042 tuis,
1340 976 1412 1048 quos

55 1121 58 1130 .
99 1057 153 1135 ,ad
173 1060 295 1131 summi
313 1056 498 1130 sacerdotii
519 1057 741 1131 ministerium
765 1049 912 1147 elegisti,
939 1053 1028 1127 hanc
1049 1076 1257 1149 quaesumus
1279 1054 1409 1159 Domine

109 1160 252 1251 gratiam
273 1158 450 1250 largiarisz
470 1167 508 1229 ut
534 1157 693 1254 quicquid
716 1157 774 1228 illa
792 1157 964 1229 velamina
987 1158 1023 1226 in
1044 1154 1184 1248 fulgore
1207 1159 1298 1244 auri,
1316 1159 1350 1229 in
1371 1160 1408 1229 ni·

108 1270 185 1330 tore
216 1279 426 1351 gemmarum
454 1269 488 1329 et
517 1258 706 1330 multimodi
733 1259 849 1353 operis
877 1261 1044 1328 varietate
1072 1255 1275 1350 signabant,
1301 1257 1406 1330 hocin
1451 1322 1453 1331 .

108 1359 230 1432 berum
264 1359 416 1459 moribus
442 1357 643 1455 actibusque
669 1356 892 1455 clarescat4).
947 1349 1090 1455 comple
1115 1358 1267 1429 Domine
1300 1361 1335 1428 in
1359 1357 1406 1429 Sa·
1442 1373 1446 1379 ·

108 1460 303 1534 cerdatibus
324 1462 392 1535 tuis
413 1463 592 1548 ministerii
611 1465 669 1534 tui·
683 1482 848 1535 summam
867 1470 902 1533 et
923 1457 1171 1557 ornamentis⁶)
1192 1461 1300 1542 totius
1320 1460 1404 1553 glori-

106 1560 273 1637 ficationis
286 1565 470 1636 instructos
484 1558 648 1637 coelestis
661 1565 827 1656 unguenti
846 1560 932 1634 llere
947 1560 1130 1637 sanctifica.
1158 1560 1251 1652 lloc,
1266 1561 1403 1647 Domine,

107 1666 249 1761 copiose
263 1665 297 1736 in
315 1686 436 1737 eorum
449 1678 550 1763 caput
565 1659 699 1753 influat,
721 1665 789 1736 bec
807 1667 842 1735 in
860 1666 930 1738 oris
950 1663 1103 1738 subiecta
1123 1661 1342 1761 decurrat⁶),
1356 1663 1404 1734 loe

105 1767 141 1838 in
161 1769 266 1839 totius
288 1769 444 1860 eorporis
466 1777 622 1841 extrema
648 1765 853 1840 descendat:
874 1775 920 1837 ,nt
945 1768 996 1837 tui
1020 1766 1161 1861 spiritus
1188 1767 1301 1838 virtus
1321 1775 1354 1837 et
1369 1767 1404 1835 ir

106 1870 272 1940 teriorum
293 1865 395 1962 (ιη’)
422 1869 557 1964 repleat
581 1879 616 1940 et
643 1870 818 1940 exteriora
841 1869 1075 1959 circumtegat.
1127 1865 1296 1943 Abundat
1315 1869 1350 1939 iu
1367 1866 1404 1938 his

105 1971 294 2042 constantia
316 1966 408 2056 fidei,
431 1972 559 2063 puritas
581 1969 786 2056 dilectionis,
808 1970 987 2043 sinceritas
1007 1971 1112 2063 pacis.
1157 1966 1253 2063 [Sint
1274 1967 1405 2064 speciosi

104 2089 247 2142 munere
273 2079 331 2140 tuo
353 2067 462 2162 pedes
485 2068 606 2146 horum
625 2068 668 2138 ad
689 2068 997 2160 evangelizandum
1018 2091 1155 2165 pacem,
1174 2070 1220 2142 ad
1246 2069 1406 2162 evangeli·

104 2168 250 2258 nandnm
271 2167 361 2241 bona
385 2176 452 2240 tua.
505 2168 558 2241 Da
587 2170 659 2258 eis,
688 2168 854 2259 Domine,
881 2173 1105 2246 ministerium
1132 2171 1408 2244 reconciliationis

105 2273 139 2341 in
160 2269 271 2342 verbo
299 2280 334 2342 et
355 2270 390 2341 in
408 2268 510 2344 ¹lactis
533 2279 567 2342 et
591 2273 627 2341 in
653 2272 779 2344 virtute
804 2272 982 2369 signorum
1009 2266 1044 2344 et
1069 2273 1313 2368 prodigiorum.
1365 2269 1408 2344 Sit

19 2369 25 2375 ’
103 2392 219 2451 sermo
235 2385 361 2444 'eorum
383 2381 417 2443 et
439 2372 739 2468 praedicationes
763 2374 798 2443 in
824 2372 1075 2469 persuabilibus
1096 2374 1264 2446 humanae
1286 2377 1412 2470 sapien--

76 2508 77 2511 ¹
103 2477 172 2548 tiae
192 2473 309 2549 verbis
329 2473 392 2548 sed
413 2476 448 2546 in
467 2477 665 2573 ostensione
688 2476 826 2570 spiritus
846 2485 881 2546 et
901 2477 1048 2549 virtutis.
1101 2474 1155 2552 Da
1175 2477 1242 2564 eis,
1261 2475 1406 2559 Domine,

103 2578 225 2649 claves
250 2581 351 2669 regni
379 2576 577 2664 coelorum,
603 2587 750 2674 utantur·
765 2574 852 2671 ne⁸)
880 2576 1072 2669 glorientur
1099 2587 1296 2672 potestate,
1324 2597 1409 2672 quan

103 2679 224 2756 tribuis
233 2675 267 2774 ⁹)
297 2681 330 2747 in
358 2677 648 2764 aedificationem,
674 2698 745 2747 non
777 2679 812 2746 in
845 2676 1121 2762 destructionem.
1183 2677 1407 2773 Quodcunque

104 2779 289 2870 ligaverint
315 2798 420 2871 super
446 2787 592 2867 terram,
619 2780 663 2849 sit
691 2778 833 2870 ligatum
861 2789 895 2849 et
921 2781 957 2850 ln
978 2779 1107 2870 coelis,
1129 2787 1164 2851 et
1192 2780 1407 2875 quodcunque

83 2879 275 2955 ‚solverint
305 2887 561 2972 superterram
594 2879 637 2951 sit
667 2879 816 2951 solutum
849 2889 883 2950 et
899 2882 950 2953 ·in
979 2880 1097 2954 coelis.
1153 2879 1311 2967 Quorum
1342 2882 1407 2952 reti·

105 2976 298 3075 nuerint10)
321 2988 476 3073 peccata,
502 2979 640 3052 detenta
662 2980 749 3055 sint:
772 2990 808 3052 et
827 3002 972 3075 quorum
995 2980 1186 3080 dimiserint
1206 2993 1244 3055 tu
1266 2982 1407 3055 dimittas

107 3080 174 3166 Qui
199 3076 415 3153 benedixerit
440 3083 484 3154 sit
502 3081 723 3172 benedictus,
741 3091 776 3152 et
795 3084 853 3177 qui
877 3083 1097 3156 maledixerit
1118 3087 1183 3173 eis,
1209 3084 1409 3156 maledictio

57 3186 81 3283 J
104 3183 205 3255 nibus
226 3183 407 3278 repleatur.
461 3182 536 3256 Sint
561 3183 683 3277 fideles
705 3187 800 3255 servi
822 3184 1010 3280 prudentes
1018 3181 1088 3274 11ι,
1116 3207 1205 3280 quos
1232 3188 1410 3259 constituas

105 3295 160 3375 tu,
187 3283 352 3374 Domine,
372 3305 478 3380 super
499 3285 661 3356 familiam
686 3295 798 3376 tuam,
821 3295 858 3356 ut
878 3286 958 3359 dent
976 3287 1045 3359 illis
1071 3285 1185 3359 c’ibnm
1207 3288 1242 3357 in
1265 3296 1411 3382 tempore

103 3388 319 3474 necessario,
341 3395 377 3457 ut
398 3386 584 3459 exhibeant
603 3401 744 3459 omnem·
758 3386 930 3461 bominem
950 3386 1151 3483 perfectum
1196 3387 1274 3463 Sint
1292 3387 1414 3460 sollici·

106 3489 223 3563 tudine
246 3488 400 3582 impigri,
419 3491 487 3561 sint
513 3490 633 3584 spiritu
658 3488 846 3562 ferventes.
902 3485 1085 3584 0diant¹²)
1100 3486 1333 3585 superbiam,
1347 3488 1413 3559 dili-

105 3601 188 3686 gant
201 3591 399 3662 veritatema
419 3610 574 3661 neceam
593 3611 739 3685 unquam
754 3590 916 3663 deserant
928 3601 987 3662 aut
1005 3585 1208 3664 lassitudine
1226 3601 1286 3662 aut
1299 3594 1415 3663 timore

105 3693 267 3791 superati.
320 3687 399 3762 Non
414 3701 542 3785 ponant
561 3692 673 3763 lucem
693 3692 736 3762 ad
760 3691 934 3781 tenebras,
957 3713 1023 3763 nec
1044 3691 1207 3765 tenebras
1229 3692 1273 3763 ad
1298 3693 1413 3762 lucem.

104 3793 184 3869 Non
203 3795 315 3881 dicant
336 3791 462 3865 malam
483 3791 629 3883 bonum,
649 3804 716 3865 ne‘c
733 3792 861 3865 bonurn
881 3795 1016 3866 malam.
1056 3791 1133 3868 Sint
1152 3787 1415 3890 sapientibus¹³)

107 3981 309 3996 ⁸——·-———-———

171 4088 520 4168 l)B.pontilicalem
543 4100 708 4173 gloriam.
772 4100 992 4176 i)ll.om.ea.
1055 4098 1275 4176 d)ll.om.in.
1337 4097 1416 4173 Μ.

108 4174 409 4249 llicaccipiecbrisma.
466 4181 496 4261 5)
518 4183 779 4247 lboruamenti.
845 4181 1188 4259 6)E.,saucti‚iica†.
1232 4183 1417 4243 lliomittatnr

108 4257 222 4316 mmsma
242 4280 324 4334 super
341 4275 422 4341 caput
438 4269 505 4326 eiua.
544 4271 617 4326 lloc
638 4271 669 4328 l).
686 4288 711 4326 o.
734 4271 768 4328 in
793 4269 870 4326 eius
893 4269 1120 4350 capat†ini.,
1147 4271 1215 4326 boo
1241 4269 1338 4330 inor.
1360 4264 1426 4338 ιι·

108 4339 291 4437 decurrat.
344 4349 375 4424 7)
394 4352 426 4408 li.
447 4354 727 4412 interieraeins.
778 4349 810 4428 8)
829 4354 950 4417 Enoc.
1008 4354 1270 4428 9)ll·.tribnos.
1321 4347 1424 4426 lo)tt.

110 4423 344 4490 detinuerint.
411 4438 456 4503 tl)
472 4439 506 4493 tt.
524 4439 623 4496 servi
648 4438 786 4495 lideles
806 4446 846 4495 et
867 4439 1074 4511 prudentes.
1140 4439 1185 4511 tt)
1204 4438 1239 4495 tt.
1263 4436 1415 4495 oderint.

39 4512 67 4537 ³*
110 4505 158 4583 13)
179 4509 213 4563 ll.
234 4514 464 4585 sapientibus
484 4529 519 4577 et
542 4516 812 4595 insipientibus.
1276 4540 1284 4555 ·
