3046 4942
659 124 760 196 0153

61 290 166 375 donec
192 312 344 375 natentur
369 311 407 375 ab
435 314 540 375 Alteri.
580 314 705 387 Peracto
732 325 829 380 antem
848 316 1035 395 Saerldcio‚=
1050 324 1082 379 et
1095 314 1298 399 trusssstose
1322 314 1380 385 lairr
1431 298 1435 311 ¹
1472 356 1475 361 ·

62 412 227 493 inchoata,
251 412 368 492 ordine,
390 434 450 496 qno
472 416 633 497 tamsnprn
653 417 828 483 dictumest
847 420 877 480 ln
898 414 1020 480 litaniis
1034 420 1212 499 maioribus,
1232 425 1380 487 Sacerdos

37 516 189 596 'pluviali
207 516 275 578 albo
291 519 409 579 indutus
429 527 476 579 ter
496 520 631 583 incenset
645 520 863 582 Sacramentum
877 519 1064 600 geuullenus.
1097 520 1380 605 Deinde'lilaoenua

64 618 230 696 oblongum
244 639 280 680 ac
294 619 405 683 decens
419 619 516 680 velrnn
530 623 726 702 circumponit
739 623 872 710 scapulis¹
880 622 1062 703 Sacerdotis,
1076 625 1126 702 qui
1141 634 1226 703 parte
1239 626 1299 686 veli
1313 637 1383 690 ante

64 730 172 800 pectus
192 722 359 801 pendente,
381 731 502 804 utraque
524 742 609 784 manu
640 734 805 805 cooperta‚·
830 729 1028 787 ostensorium
1050 744 1104 787 seu
1125 727 1381 793 tabernaculuma

63 820 199 884 liiacono
217 820 274 883 sibi
295 834 463 904 porrectura
479 835 659 913 reverenter.
668 828 791 907 suscipit
804 828 833 887 in
849 845 987 906 supremo
1003 827 1113 889 ditaris
1128 829 1239 906 gradu,
1261 849 1330 892 mox
1345 831 1381 895 ad
1425 880 1430 887 .

63 924 167 1001 litare
181 925 314 1008 ascendit
328 936 358 986 et
371 928 591 989 Sacramentum
605 937 673 990 ante
687 930 792 990 taciem
808 938 913 989 tenens
935 931 1024 990 vertit
1038 948 1072 990 se
1090 929 1126 989 ad
1140 932 1293 1011 populum,
1311 934 1380 996 iude
1412 924 1416 929 ⁴
1471 950 1474 957 ·

64 1025 221 1087 descendit
239 1027 293 1088 sub
315 1030 472 1091 umbellam
498 1032 704 1092 comitantibus
718 1033 876 1109 ministris,
901 1041 931 1091 et
952 1032 1010 1093 duo
1031 1031 1172 1108 Acolytlri
1194 1034 1244 1094 vel
1271 1033 1379 1097 Clerici

17 1116 23 1123 ’
64 1146 128 1187 cum
156 1129 312 1190 thuribulis
341 1131 546 1193 eliumantibus
574 1120 804 1211 praeceduut1).
847 1133 958 1195 Omnes
977 1134 1157 1215 praecedent
1167 1132 1259 1196 '‘nudo
1283 1139 1380 1216 capite

63 1247 228 1304 accensos,
246 1250 352 1294 cereos
387 1244 541 1312 gestantes
571 1244 601 1295 et
635 1245 797 1316 sequentes
832 1235 964 1313 ligmuos
998 1255 1053 1316 pro
1086 1236 1273 1312 longitudine
1308 1215 1410 1327 iro-⁸

64 1333 211 1392 cessionis
226 1331 336 1395 devote
350 1337 554 1398 concinentes.
588 1337 663 1397 Dum
685 1355 759 1399 vero
774 1338 922 1399 Sacerdos
944 1336 1069 1401 discedit
1087 1337 1124 1400 ab
1140 1337 1252 1417 Alteri,
1274 1338 1379 1403 Oleros

65 1441 95 1493 et
108 1433 258 1496 Sacerdos
270 1432 392 1499 cantare
403 1438 506 1516 incipit
523 1446 684 1517 sequentes
697 1438 843 1515 llpmnos:
1140 1450 1143 1455 '

482 1597 600 1667 Panga
618 1574 744 1668 lingua
759 1592 962 1672 gloriusi¹)

544 1679 678 1753 Corporis
692 1682 859 1751 mysterium,

543 1766 881 1839 Sanguinisqnepretiosi,

542 1850 627 1917 Quem
639 1850 665 1905 in
677 1850 766 1907 mundi
780 1850 896 1923 pretium

544 1934 658 1990 Fructus
675 1936 778 1993 ventrio
793 1936 923 2006 generosi
969 1926 974 1935 '

544 2018 602 2075 ilex
613 2017 708 2076 eliudit
718 2019 838 2091 gentium
849 2027 902 2080 eto.

65 2175 268 2187 *nne-e·—

62 2303 224 2364 Saoartlotia
236 2321 343 2364 sacram
354 2304 545 2367 eucharistiam
555 2321 634 2361 mana
646 2305 790 2376 gestantia,
800 2306 849 2362 sub
865 2306 1026 2365 baldachino
1039 2324 1055 2366 a
1070 2316 1185 2380 quatuor
1199 2307 1266 2367 viria
1277 2308 1380 2369 delato.

57 2389 235 2471 ⁸Ordinarinm
246 2392 450 2447 silvanectense
462 2389 583 2447 eiusdem
595 2391 692 2445 aetatis
703 2390 778 2445 iubet
790 2392 817 2446 in
827 2398 923 2463 aperto
935 2390 1047 2447 vasculo
1058 2399 1256 2447 sacramentum
1268 2391 1382 2453 deterri.

64 2474 166 2531 contra
178 2475 293 2531 l'hiersii
311 2475 469 2548 opinionem
485 2477 647 2531 contirmant
664 2474 877 2532 constitutiones
893 2475 969 2531 chori
988 2477 1015 2531 S.
1032 2474 1163 2531 llartialls
1181 2466 1381 2533 [emovioensis

62 2574 135 2616 uno
148 2558 217 2618 tato
227 2561 362 2634 scriptam
379 2576 417 2616 ea
434 2572 527 2616 earam
540 2559 611 2616 enim
628 2559 831 2632 legeportatnr
845 2559 953 2632 Corpus
963 2558 1066 2616 clarinti
1083 2560 1111 2615 in
1123 2560 1210 2616 calice
1220 2554 1378 2632 pulchriori.

62 2644 132 2700 l'uto
150 2651 177 2702 et
198 2643 283 2702 iubis
301 2645 404 2701 variam
419 2646 504 2702 luisse
525 2644 703 2701 ecclesiarum
721 2644 958 2703 cousuetudinem:
982 2645 1042 2717 plns
1058 2643 1131 2700 iustu
1147 2652 1234 2700 tamea
1255 2646 1381 2703 aestimat

63 2728 211 2786 llarteriius
222 2729 342 2801 picturas
356 2731 491 2803 antiquas.
512 2729 551 2785 lia
564 2746 634 2802 quac
644 2729 707 2786 data
720 2736 763 2787 est
774 2730 926 2802 pictoribus
932 2729 1017 2787 'venia
1029 2731 1194 2801 poterantiu
1205 2729 1381 2789 devotionem

62 2814 242 2887 spectantium
256 2822 453 2872 sacramentum
468 2815 619 2887 depingere
636 2814 688 2880 etsi
707 2813 733 2869 in
755 2814 841 2871 calice
863 2814 908 2871 vel
928 2814 1040 2870 invase
1059 2815 1154 2879 clauso
1177 2813 1379 2885 deportaretur.

62 2897 306 2969 lorroambiguae
319 2900 436 2957 nationis
450 2906 607 2956 suntvooes
629 2898 787 2964 clausum
802 2905 1010 2971 etapertnm.
1043 2897 1078 2954 ttt
1098 2914 1169 2954 uuae
1189 2899 1380 2957 circumlertnr

62 2981 235 3042 Eucharistia
248 2998 302 3040 non
318 2990 424 3057 aperte,
439 2984 476 3039 ita
491 2972 580 3039 tamen
592 2989 621 3038 ut
631 2997 682 3054 per
694 2982 792 3057 vitrum
806 2989 938 3055 appareat
948 2982 1060 3055 populo.

131 3128 180 3211 't)
197 3135 280 3193 nouo
297 3135 496 3193 accuratiorem
515 3126 704 3192 Proseisionis
726 3134 939 3209 descriptionem
959 3152 995 3193 ex
1021 3128 1213 3192 Caerimouiali
1228 3136 1379 3193 llouastico

63 3218 298 3291 congregationis
312 3219 528 3277 bursfeldensis:
548 3235 634 3292 pauca
653 3234 687 3274 ex
710 3218 835 3277 locorum
851 3219 1047 3276 consuetudine
1065 3225 1208 3277 mutantur.
1237 3220 1379 3293 Dirigenta

62 3302 280 3361 Gaeriaaoaiario
291 3304 437 3363 Processio
452 3305 604 3361 inchoatur.
624 3302 723 3359 trimo
740 3302 836 3361 ordine
848 3302 1001 3378 procedunt
1021 3304 1134 3361 scholae
1151 3321 1314 3378 puerorum,
1333 3308 1380 3360 aut

61 3387 217 3463 puellaraaa
232 3389 342 3447 vexillis
360 3390 482 3463 propriis
494 3388 653 3448 distinctae:
677 3387 776 3446 deinde
786 3388 1024 3447 ooniraternitates
1038 3390 1169 3446 laieorum
1179 3390 1305 3447 similiter
1319 3404 1380 3445 cam

60 3473 118 3530 suis
137 3474 264 3545 vexillis,
285 3474 456 3547 postmodum
474 3475 593 3531 curiales
616 3481 645 3530 et
658 3473 804 3544 oideiales,
821 3472 921 3547 aliique
938 3482 1080 3547 portantes
1100 3475 1233 3533 intortitia
1252 3486 1380 3541 accensa,

61 3558 134 3615 iater
155 3574 225 3632 qnos
246 3560 341 3617 altino
359 3560 423 3616 loeo
441 3560 517 3615 ibunt
538 3558 690 3615 nobiliores
712 3569 759 3613 aut
777 3558 951 3628 magistratus
972 3560 1072 3632 aliique
1093 3560 1146 3616 uiri
1167 3556 1378 3633 praeclariores.

59 3641 168 3699 lieinde
187 3644 367 3717 subsequetur
387 3643 589 3715 subdiaconus,
607 3644 666 3700 sive
687 3645 756 3700 alius
777 3642 980 3717 superpelliceo
1001 3652 1112 3717 paratus
1130 3652 1243 3716 portans
1260 3656 1379 3711 crucem,

62 3726 168 3785 madias
189 3728 262 3785 inter
283 3730 354 3785 duos
375 3730 577 3796 ceroferarios;
595 3736 649 3784 tum
667 3726 769 3784 iratres
784 3728 878 3785 doceis
896 3727 981 3784 induti
997 3729 1052 3785 bini
1068 3740 1096 3786 et
1115 3728 1171 3784 bini
1187 3724 1343 3798 incipiendo
1362 3742 1377 3780 a

60 3812 241 3872 iunioribus..
253 3814 421 3869 mouentum
433 3821 581 3886 sequuntur
593 3820 709 3885 quatuor
720 3818 765 3867 aut
776 3812 909 3869 adminus
927 3812 981 3869 duo
994 3812 1114 3882 acolythi
1127 3810 1232 3867 lacibus
1245 3826 1329 3867 accen
1344 3810 1378 3881 ia,

59 3904 117 3953 tan
128 3898 253 3955 minister
264 3900 324 3955 siue
336 3900 484 3980 Presbyter
497 3898 643 3967 assistens,
662 3897 724 3953 dein
743 3897 907 3952 thuriferarii
923 3905 986 3954 ante
1006 3900 1032 3954 S.
1046 3900 1250 3954 Sacramentum
1264 3911 1376 3953 movea-

58 3990 104 4039 tes
119 3984 257 4040 thuribula
272 4001 338 4054 sua,
356 3984 465 4041 tandem
480 3984 573 4040 notas
593 3983 643 4041 snb
659 3981 827 4038 baldachino
846 3981 920 4038 nudo
938 3998 970 4038 ea
986 3984 1044 4053 pite
1064 3988 1177 4053 portans
1193 3981 1378 4037 Saramentuar

56 4067 193 4125 ambabus
204 4069 337 4140 manibus,
349 4069 456 4126 medim
467 4070 539 4126 inter
552 4069 690 4125 ministros
705 4083 801 4124 sacros
813 4072 934 4139 paratos.
962 4067 992 4123 Si
1010 4066 1081 4123 adsit
1093 4065 1210 4134 Legatus
1228 4066 1262 4122 de
1280 4066 1379 4137 latera,

56 4151 225 4223 Cardinalis,
236 4153 389 4227 Episcopus
398 4153 453 4210 loci
469 4150 708 4227 (erumperetur,
726 4152 799 4222 hex,
819 4151 947 4224 princeps
962 4147 1029 4222 etc.)
1041 4150 1194 4207 immediate
1209 4158 1274 4223 post
1284 4147 1378 4206 thoa-

54 4246 113 4294 tem
127 4237 266 4296 incedent.
299 4234 425 4309 Fratres,
447 4238 492 4311 qui
511 4238 741 4296 intra·ecclesiam
756 4242 899 4311 portarunt
912 4233 1099 4291 baldachinum
1111 4236 1196 4309 ipsum
1212 4241 1289 4292 extra
1302 4235 1378 4294 lorea

27 4366 38 4381 ,
52 4318 135 4380 iilius
146 4322 303 4397 relinquent
313 4323 571 4381 tutidemnobilibns
590 4340 639 4380 seu
651 4323 712 4381 aliis
723 4322 846 4381 honestis
857 4320 933 4378 viris.
1005 4318 1036 4397 ἱ)
1049 4320 1376 4394 Thesaurusllpmnolog.
