3060 4934
726 289 801 360 302

105 489 212 564 olcsia,
232 504 292 549 non
308 484 415 559 lilium,
435 481 489 543 sed
503 483 650 545 inimicum
665 492 696 544 et
710 490 934 565 persecutorem
947 478 1082 560 recipiat.
1120 476 1174 543 llis
1188 477 1326 541 hreriter
1337 477 1409 540 dictis

106 599 136 652 et
150 588 305 669 expositis,
318 585 478 665 poenitens
493 594 665 664 sequentem
681 586 749 648 lidei
764 585 984 666 professionem
998 585 1123 659 emittat,
1136 590 1186 643 aut
1199 598 1265 644 eam
1280 580 1409 660 legendo,

104 700 153 752 snt
166 690 269 752 saltem
283 687 319 748 ud
333 685 451 765 singula
464 686 633 750 Sacerdotis
648 688 834 765 interrogata
849 683 1072 765 respondendo.

574 877 801 952 Prolessio
827 879 947 952 fidei.

207 1047 285 1141 Ego
308 1046 348 1118 N.
377 1046 473 1117 iirma
499 1046 567 1118 lide
597 1046 702 1117 credo
727 1055 761 1117 et
786 1045 952 1141 profiteor
976 1048 1087 1117 omnia
1112 1054 1146 1116 et
1172 1046 1311 1137 singula
1336 1067 1411 1142 quae

106 1153 324 1223 continentur
350 1153 385 1218 in
411 1148 570 1242 symbolo
597 1147 688 1235 fidei,
716 1171 784 1244 quo
809 1147 934 1219 Sancta
955 1146 1110 1216 Romana
1131 1146 1295 1219 Ecclesia
1321 1152 1411 1220 utitm

104 1253 289 1325 videlicet:
319 1232 432 1321 Credo
461 1253 495 1320 in
518 1273 621 1321 uuum
644 1250 755 1321 Deum
777 1250 913 1321 Patrem
934 1251 1220 1343 omnipotentem,
1256 1248 1411 1323 factorem

108 1354 197 1425 caeli
221 1364 255 1423 et
276 1362 391 1429 terrae
415 1362 478 1426 eto.
502 1371 532 1421 ur
556 1380 585 1441 p.
605 1359 656 1423 td.

208 1470 430 1567 Apostolioas
449 1480 483 1540 et
503 1469 766 1545 Ecclesiasticas
784 1469 1014 1557 Traditiones,
1032 1467 1255 1562 reliquasque
1272 1470 1412 1544 eiusdem

1 1601 3 1605 ·
106 1570 289 1650 Ecclesiae
311 1571 573 1645 ohservationes
600 1571 790 1646 firmissime
811 1572 950 1643 admitto
975 1581 1009 1641 et
1031 1569 1232 1665 amplector.

208 1690 294 1767 Item
320 1712 453 1763 sacram
480 1689 691 1787 Scriptorum
717 1696 813 1765 iuxta
840 1713 918 1761 eum
945 1710 1099 1775 sensum,
1126 1707 1229 1780 quem
1255 1692 1361 1761 tenuit
1383 1697 1412 1758 et

105 1800 200 1868 tenet
222 1803 339 1866 sancta
367 1804 475 1864 mater
496 1792 672 1882 Ecclesia,
701 1798 798 1867 cuius
821 1803 873 1865 est
899 1793 1052 1865 iudicare
1081 1788 1125 1860 de
1147 1809 1236 1860 vero
1259 1813 1361 1864 sensu
1384 1798 1413 1860 et

104 1895 384 1988 interpretatione
415 1917 588 1971 sacrarum
616 1900 882 1992 scripturarum,
905 1895 1058 1983 admitto,
1083 1912 1151 1961 neo
1177 1913 1255 1963 eam
1276 1913 1414 1987 umquam

104 1996 170 2073 nisi
196 1996 291 2067 iuxta
314 2001 506 2067 unanimem
527 2019 732 2071 consensum
755 1998 893 2068 Patrum
916 2000 1081 2092 accipiam
1103 2003 1138 2063 et
1158 1995 1412 2089 interpretabor.

207 2097 377 2177 Profiteor
399 2121 535 2192 quoque
556 2110 687 2194 septem
709 2122 788 2172 esse
806 2121 892 2169 vere
911 2111 944 2171 et
962 2098 1101 2195 proprie
1120 2092 1346 2169 Sacramenta
1360 2117 1414 2166 no-

106 2220 172 2269 vae
193 2198 298 2291 hegis
320 2223 339 2269 a
362 2197 442 2271 lesu
470 2196 604 2271 Christo
631 2201 779 2272 Domino
807 2211 926 2273 nostro
950 2203 1116 2285 instituta,
1137 2207 1241 2292 atque
1262 2198 1306 2270 ad
1334 2198 1416 2271 salu·

104 2309 174 2377 tem
196 2301 333 2375 humani
358 2303 516 2392 generiS,
538 2301 620 2372 licet
645 2324 715 2374 non
736 2306 848 2374 omnia
874 2303 1017 2395 singulis
1044 2303 1260 2387 necessaria,
1290 2300 1416 2374 scilicet

104 2400 326 2496 Baptismum,
347 2400 657 2493 Confirmationem,
671 2405 932 2492 Eucharistiam,
950 2405 1212 2490 Poenitcntiam,
1223 2403 1416 2474 Extremam

104 2503 328 2593 Unctionem,
365 2503 527 2576 Ordinem
556 2517 591 2577 et
618 2506 888 2595 Matrimonium,
917 2507 1044 2600 illaque
1074 2509 1219 2597 gratiam
1248 2502 1415 2590 conferre,

105 2614 140 2679 et
162 2628 209 2681 ex
231 2606 282 2680 his
303 2608 526 2702 Baptismum,
548 2607 847 2681 confirmationem
870 2619 904 2679 et
927 2606 1102 2698 Ordinem,
1124 2611 1198 2679 sine
1221 2605 1415 2696 sacrilegio,

103 2711 266 2778 reiterari
286 2730 356 2777 non
378 2730 493 2802 posse.
1172 2717 1174 2721 '

207 2805 383 2901 Receptos
409 2829 546 2902 quoque
577 2819 612 2880 et
639 2809 846 2904 approbatos
864 2810 1045 2885 Eoohsiae
1065 2806 1264 2885 Catholicae
1282 2811 1366 2882 ritus
1383 2809 1414 2877 in

104 2904 378 3000 supradictorum
397 2910 547 2984 omnium
566 2919 858 2984 sacramentorum
877 2914 1025 2989 solemni
1042 2912 1346 3001 administratione,
1365 2930 1414 2982 re-

105 3007 195 3103 cipio
218 3015 252 3075 et
274 3006 422 3079 admitto.

154 3184 157 3189 ,
210 3103 329 3176 Omnia
355 3119 391 3179 et
411 3110 563 3202 singula,
594 3133 682 3207 quae
709 3114 753 3185 de
774 3126 919 3211 peccato
949 3114 1107 3209 originali
1135 3123 1169 3185 et
1192 3112 1237 3185 do
1261 3111 1415 3186 iustificu-

104 3206 199 3283 tione
225 3209 259 3283 in
286 3219 505 3283 sacrosancta
531 3211 729 3286 Tridentino
756 3216 900 3312 Synodo
928 3217 1065 3291 delinita
1091 3226 1126 3288 et
1148 3215 1327 3287 declarata
1346 3212 1414 3285 ine

103 3317 201 3409 runt,
228 3309 417 3403 amplector
444 3319 480 3379 et
499 3316 638 3405 recipio.
909 3333 916 3343 ·
952 3356 958 3369 ·
1311 3364 1321 3397 ,

116 3405 122 3416 '
208 3407 377 3490 Profiteor
396 3412 523 3505 pariter
545 3414 579 3480 in
595 3413 699 3490 Missa
715 3416 832 3489 ollerri
847 3419 924 3488 Deo
944 3441 1080 3507 verum,
1096 3420 1274 3514 proprium
1294 3427 1329 3489 et
1342 3435 1415 3512 pro·

103 3512 311 3606 pitiatorium
332 3509 535 3589 sacrificium
561 3534 624 3605 pro
651 3520 740 3591 vivis
768 3528 802 3588 et
825 3518 1006 3608 defunctis,
1027 3532 1129 3615 atque
1146 3522 1181 3589 iu
1203 3520 1414 3592 sanctissimo

103 3611 343 3685 Eucharistiae
367 3623 581 3699 sacramento
603 3635 682 3689 esse
703 3619 801 3708 vero,
824 3621 964 3698 realiter
986 3631 1020 3692 et
1044 3620 1313 3695 substantialiter
1337 3616 1416 3689 Gor-

102 3736 169 3810 pus
189 3723 224 3787 el
246 3711 470 3807 Sanguinem,
490 3736 558 3792 una
579 3736 655 3784 cum
677 3719 785 3816 anima
806 3731 840 3796 et
860 3720 1035 3803 divinitate
1055 3724 1192 3800 Domini
1211 3710 1325 3794 nostri
1341 3718 1417 3792 lesu

105 3814 249 3906 Christi,
277 3815 420 3909 fierique
451 3818 716 3887 conversionem
737 3819 841 3890 totius
866 3821 1074 3897 substantiae
1100 3827 1196 3920 panis
1223 3827 1259 3894 in
1287 3820 1418 3919 Corpus

104 3925 139 3987 et
159 3920 263 3993 totius
285 3917 493 3991 substantiae
512 3919 583 3989 vini
604 3920 639 3986 in
657 3921 869 4010 sanguinem,
889 3947 988 4016 quam
1008 3929 1276 3999 conversionem
1297 3920 1418 3996 Catho-

67 4062 70 4069 -
103 4014 169 4087 lica
192 4016 352 4092 Ecclesia
375 4017 803 4094 transsubstantiationem
829 4026 986 4116 appellat.

205 4117 333 4191 Fateor
355 4123 457 4191 etiam
483 4119 547 4192 suh
568 4120 675 4192 altera
697 4132 826 4194 tantum
849 4126 966 4217 speeie
988 4137 1096 4199 totum
1118 4136 1221 4222 atque
1247 4130 1417 4220 integrum

104 4214 274 4293 Christum
297 4243 488 4317 verumque
515 4220 774 4305 Sacramentum
795 4227 892 4296 sumi.
967 4246 970 4251 ·

206 4316 411 4397 constanter
437 4334 540 4394 teneo
568 4323 808 4419 Purgatorium
835 4348 937 4416 esse,
967 4330 1164 4423 animasque
1188 4329 1238 4402 ihi
1264 4314 1417 4401 detentas

80 4416 254 4502 'fidelium
274 4424 445 4516 suffragiis
468 4427 589 4497 iuvari.
953 4480 959 4487 .
1263 4473 1272 4488 ·
1309 4516 1315 4525 Ι

207 4519 370 4607 Similiter
393 4535 427 4594 et
447 4536 597 4616 sanctos,
623 4547 691 4597 una
717 4546 795 4600 cum
819 4525 953 4603 Christo
974 4528 1172 4625 regnantes,
1198 4531 1415 4607 venerandos

1031 4778 1055 4821 ἢ
