3046 4942
716 264 789 335 att

199 455 284 517 Tune
313 456 384 517 dieo
414 456 441 515 et
476 453 509 516 c,
554 443 650 515 llaec
671 447 783 516 omnia
806 455 840 517 et
860 456 977 516 cetera
1001 402 1093 515 hona
1113 442 1236 516 tribuat
1256 445 1317 517 tibi
1338 445 1408 517 Do-

94 550 209 621 minus
237 558 272 619 et
304 546 474 621 custodiat
494 556 532 617 te
553 554 589 618 et
614 544 820 618 corroboret
841 548 876 616 in
898 547 990 618 omni
1007 544 1168 617 bonitate.
1221 552 1260 617 Et
1284 574 1406 636 respon·

94 661 169 722 dant
187 677 306 720 omnes:
330 649 454 720 Amen.

200 764 321 839 Credis
340 763 529 838 secundum
548 764 808 857 intelligentiam
830 772 864 835 et
883 764 1104 858 capacitatem
1125 784 1248 837 sensus
1264 766 1313 835 tui
1331 784 1406 836 san-

92 880 185 941 ctam
219 865 439 952 Trinitatem,
469 865 604 937 Patrem
629 874 664 935 et
689 862 812 937 Filium
847 875 881 935 et
902 863 1065 959 Spiritum
1092 862 1274 953 Sanctum,
1304 888 1406 936 unum

92 970 208 1043 licum
229 970 508 1062 omnipotentem,
530 969 765 1063 totamqusin
786 963 891 1038 Santa
919 962 1082 1037 Trinitato
1102 966 1285 1055 Deitatem,
1308 987 1406 1038 coes·

93 1071 286 1154 sentialem,
306 1067 641 1157 consubstantialem,
662 1076 881 1138 coaeternam
901 1074 935 1138 et
957 1070 1287 1162 coomnipotentem,
1306 1070 1406 1138 unius

93 1172 295 1258 voluntatis,
312 1171 504 1264 potestatis,
522 1179 557 1240 et
574 1169 774 1257 maiestatis,
787 1176 980 1261 creatorem
994 1172 1143 1240 omnium
1157 1178 1404 1254 creaturarum,

94 1297 115 1343 a
138 1296 206 1367 qno
226 1275 350 1358 omnia,
364 1293 427 1366 par
440 1292 542 1365 quem
555 1273 668 1342 omnia
683 1278 719 1341 et
732 1272 768 1341 in
781 1291 849 1364 quo
863 1272 989 1359 omnia,
1003 1292 1091 1364 quae
1109 1279 1188 1343 sunt
1205 1273 1238 1340 in
1254 1270 1355 1340 coelo
1370 1277 1405 1338 et
1463 1326 1472 1337 .

94 1378 129 1445 in
143 1372 409 1461 terra,visihilia,
424 1372 618 1465 corporalia
637 1381 672 1442 et
690 1370 904 1465 spiritualia?
934 1376 976 1462 li.
995 1372 1159 1444 Assentio
1174 1381 1209 1442 et
1225 1375 1271 1441 ita
1286 1369 1401 1441 credo.

197 1488 318 1561 Credis
340 1487 508 1579 singulam
531 1509 699 1582 quamque
721 1490 756 1558 in
776 1497 894 1560 sancta
915 1487 1078 1560 Trinitate
1099 1510 1280 1584 personam
1299 1510 1403 1558 unum

94 1592 220 1678 Deum,
247 1611 381 1674 verum,
404 1589 542 1682 plenum
568 1599 603 1659 et
628 1587 847 1681 perfectum?
890 1593 934 1678 Pp.
963 1586 1087 1660 Credo.

200 1704 323 1777 Credis
343 1707 453 1799 ipsum
474 1702 579 1773 lilium
600 1702 686 1792 Dei,
717 1702 863 1774 verbum
888 1704 955 1774 Dei
980 1703 1200 1776 aeternaliter
1220 1714 1342 1785 natum⁸
1361 1705 1404 1775 de

91 1811 220 1895 Patre,
242 1804 583 1891 consubstantialem,
606 1806 937 1899 coomnipotentem,
960 1814 995 1875 et
1016 1804 1236 1898 coaequalem
1258 1806 1350 1876 Patri
1372 1808 1405 1874 in

92 1911 287 1995 divinitate,
309 1905 544 2002 temporaliter
562 1916 677 1976 natum
705 1904 748 1976 de
769 1902 897 2000 Spiritu
919 1904 1047 1978 Sancto
1070 1928 1116 1978 ex
1137 1900 1245 1976 diaria
1270 1926 1406 2000 semper

93 2014 245 2102 virgine,
255 2030 331 2079 cum
346 2010 455 2077 anima
465 2007 635 2096 rationali,
645 2007 728 2079 duas
737 2004 1132 2095 hahentemnativitates,
1142 2028 1241 2077 unam
1250 2030 1297 2076 ex
1303 2007 1406 2077 Patre

91 2123 281 2197 aeternam,
303 2108 444 2179 alteram
465 2130 511 2178 ox
532 2118 639 2178 matre
655 2108 892 2203 temporalem,
911 2108 1022 2180 Deum
1041 2130 1163 2179 verum
1182 2118 1217 2178 et
1234 2108 1403 2179 hominem

92 2235 236 2297 verum,
258 2213 433 2306 proprium
459 2213 493 2279 in
514 2219 659 2303 utraque
679 2218 800 2281 natura
822 2219 925 2304 atque
949 2209 1160 2306 perlectum,
1181 2230 1251 2281 non
1273 2209 1403 2305 adopti-

93 2335 197 2401 vum,
218 2333 283 2382 nec
304 2311 587 2398 fantasmatienm,
608 2310 672 2384 sed
695 2313 833 2382 unicum
859 2321 893 2381 et
914 2330 1019 2382 unum
1045 2309 1149 2383 lilium
1175 2312 1241 2382 Dei
1266 2313 1301 2380 in
1322 2310 1403 2381 dna-

93 2416 159 2487 lrns
180 2423 214 2483 et
236 2435 283 2482 ex
304 2411 434 2482 duabus
454 2413 599 2499 naturis,
622 2410 719 2483 sed'
710 2431 745 2479 ιιι
766 2415 866 2483 unius
886 2411 1121 2502 singularitate
1139 2432 1323 2504 personae,
1344 2413 1403 2479 im-

94 2513 290 2612 passibilem
313 2522 347 2583 et
370 2512 594 2593 immortalem
618 2510 807 2599 divinitate,
834 2508 955 2582 sedin
983 2510 1189 2581 humanitate
1215 2531 1278 2603 pro
1304 2508 1404 2580 nobis

96 2626 131 2688 et
153 2637 216 2710 pro
243 2613 354 2687 salute
375 2625 492 2685 nostra
519 2632 658 2709 passum
683 2632 770 2683 vera
795 2613 908 2682 carnis
926 2611 1091 2728 passione
1115 2619 1152 2680 et
1172 2609 1342 2704 sepultum
1364 2630 1405 2678 ac

95 2719 199 2789 tertio
218 2715 272 2786 die
290 2726 527 2808 resurgentem
547 2735 567 2783 a
585 2715 728 2785 mortuis
741 2733 827 2784 vera
842 2713 953 2783 carnis
967 2713 1236 2797 resurreetione,
1250 2707 1305 2778 die
1324 2730 1405 2801 qna-

96 2819 293 2909 dragesimo
314 2826 391 2911 post
412 2817 703 2893 resurrectionem
716 2834 793 2884 cum
808 2832 926 2900 carne,
945 2828 1011 2907 qua
1026 2813 1229 2893 resumexit,
1245 2819 1279 2880 et
1294 2813 1405 2880 anima
1434 2868 1440 2877 .

95 2916 297 2994 ascendisse
324 2915 369 2987 ad
391 2919 528 2987 coslum
549 2926 583 2986 et
609 2915 734 2988 sedere
761 2913 804 2984 ad
827 2913 1006 2984 dexteram
1032 2911 1156 3031 Patris,
1175 2910 1258 3018 inde
1283 2904 1405 2983 ventu-

95 3041 175 3092 rum
200 3015 352 3085 iudicare
372 3017 476 3087 meos
498 3028 532 3086 et
553 3026 707 3089 mortuos
730 3024 765 3087 et
783 3013 995 3087 redditurum
1017 3006 1199 3106 unicuique
1217 3012 1404 3085 secundum

96 3139 206 3215 opera
233 3136 307 3200 sua,
334 3115 410 3186 sive
434 3112 525 3187 bona
545 3112 685 3205 inerint,
707 3117 784 3187 sive
808 3114 923 3185 mala?
967 3118 1011 3206 lp.
1034 3113 1198 3188 Assentlo
1220 3124 1255 3186 ct
1275 3118 1321 3186 ita
1343 3136 1406 3240 per

98 3221 210 3293 omnia
239 3215 354 3286 oredo.

89 3346 92 3351 ’
202 3332 323 3405 Credis
350 3333 448 3402 etiam
476 3327 639 3428 Spiritum
658 3328 820 3405 Sanctum
840 3330 979 3429 plenum
1000 3326 1035 3403 e't
1060 3327 1248 3425 perfectum
1270 3354 1406 3405 verum·
1444 3330 1448 3338 '

97 3461 166 3532 que
187 3436 311 3522 Deum,
333 3455 353 3502 a
375 3433 476 3505 Patre
499 3443 534 3504 et
555 3431 648 3505 Filio
666 3432 923 3528 procedentem,
946 3430 1171 3525 coaequalem
1190 3444 1225 3505 et
1245 3434 1407 3507 coessen-

97 3540 227 3625 tialem,
254 3537 564 3629 coomnipotentem
587 3544 622 3605 et
648 3542 868 3607 coaeternum
892 3556 957 3630 per
983 3535 1094 3606 omnia
1119 3530 1212 3605 Patri
1235 3544 1269 3605 et
1291 3531 1406 3605 Filio?

166 3637 289 3709 Credo

96 3646 140 3800 ll
202 3753 323 3826 Credis
333 3714 423 3823 lanc
437 3762 588 3826 sanctam
602 3744 814 3840 Trinitatem,
828 3772 898 3822 non
913 3761 983 3824 tres
999 3752 1094 3824 Deos
1108 3752 1170 3824 sed
1184 3773 1287 3822 unum
1296 3750 1407 3819 Deum

98 3859 386 3961 omnipotentem,
393 3864 581 3954 aeternum,
595 3851 800 3924 invisibilem
816 3844 850 3923 el
868 3850 1258 3929 incommutabilem?
1223 3857 1265 3940 ltu
1283 3845 1405 3919 Credo

202 3971 322 4046 Credis
344 3973 496 4046 sanctam
522 3942 731 4042 Catholicam
752 3981 787 4041 et
807 3970 1044 4067 Apostolicam
1065 3991 1165 4040 unam
1188 3989 1266 4039 esse
1291 3986 1407 4036 veram

99 4077 303 4161 ecclesiam,
330 4077 364 4145 in
387 4078 583 4168 qua‘unum
605 4071 704 4141 datur
724 4092 846 4142 verum
870 4071 1036 4166 baptisma
1045 4067 1075 4167 ¹)
1099 4079 1134 4139 et
1153 4089 1237 4138 vera
1260 4069 1407 4138 omnium

92 4178 259 4311 remissio
277 4174 526 4269 peccatorum?
569 4178 611 4263 ll.
637 4168 761 4261 C'redo.

164 4411 191 4486 t)
212 4411 336 4475 Ecclesia
353 4413 472 4467 Romana
476 4412 643 4491 baptismum
658 4411 702 4483 qui
719 4408 881 4484 perlinitur
874 4426 900 4466 m
913 4406 1021 4493 nomine
1032 4406 1080 4463 SS
1093 4405 1269 4479 Trinitatis,
1256 4404 1307 4461 etsi
1323 4401 1408 4459 admi·

95 4497 226 4554 nistratur
241 4496 281 4594 at)
290 4494 460 4552 limtholicis
471 4493 640 4604 ,legitimum
654 4512 687 4565 ac
699 4513 790 4551 verum
798 4486 934 4562 sestimtt,
947 4480 991 4563 qdr
984 4492 1104 4564 ubsque
1115 4497 1229 4565 peceato
1241 4488 1312 4551 lraud
1323 4488 1411 4561 possit
