3046 4942
697 316 791 389 ’254

70 549 74 557 ·
204 512 319 576 Deinde
332 510 359 574 si
374 508 565 572 cbtrotluecse
578 526 638 571 uon
651 510 711 569 siut
725 507 920 584 benedictae,
940 505 1036 583 surgit
1049 502 1084 567 G.
1103 513 1136 566 st
1148 520 1202 565 sss
1215 502 1363 566 benedicit
1373 505 1405 567 li

102 636 189 680 oeus:
213 606 368 678 Oremus.
414 602 636 697 Omnipotens
658 603 716 695 qui
735 600 861 670 bomini
882 599 924 669 ad
946 599 1131 689 imaginem
1153 606 1248 668 tuam
1272 597 1405 686 condito,

101 730 222 781 manus
245 707 462 779 discretionis
485 706 683 794 insignitas,
717 711 886 796 tamqnam
908 720 1075 791 organum
1101 699 1351 791 intelligentiae
1371 699 1406 771 ad

101 820 197 883 recte
226 806 436 903 operandum
461 804 601 891 dedisti,
634 825 718 897 quas
745 804 879 876 servari
904 799 1048 874 mundas
1074 804 1306 897 praecepisti,
1331 804 1406 872 utin

103 915 154 985 eis
174 911 286 981 omnia
306 909 408 999 digna
426 915 658 1002 portarentur,
680 915 714 975 et
730 913 787 975 tua
806 906 907 976 ineis
925 903 1029 995 digne
1047 912 1338 975 consecrarentur
1347 924 1407 997 ny·

103 1015 207 1088 steria
229 1010 319 1082 bene
333 1007 364 1097 †
379 1010 497 1079 dicere
525 1017 560 1077 et
577 1010 687 1079 sancti
703 1003 735 1096 †
751 1005 856 1076 ficare
875 1004 1019 1097 dignare
1035 1024 1197 1076 manuum
1218 1003 1308 1075 baec
1325 1013 1405 1096 tegu-

104 1123 235 1185 menta:
257 1121 294 1181 nt
316 1112 511 1204 quicunque
536 1110 766 1179 ministrorum
782 1117 931 1195 tuorum,
949 1126 1127 1180 sacrorum
1148 1104 1348 1177 Pontificum
1364 1105 1405 1176 its

104 1215 226 1288 velare
248 1233 367 1282 manns
388 1231 469 1282 suns
490 1231 566 1279 cum
593 1208 780 1279 bumilitate
801 1209 965 1295 voluerit,
987 1216 1056 1279 tam
1081 1207 1198 1279 cordis
1220 1228 1322 1300 quam
1339 1227 1405 1302 ope

104 1319 153 1388 ris
176 1316 209 1383 ei
228 1312 424 1383 munditiam
446 1321 503 1383 tua
524 1310 761 1381 misericordia
784 1309 1024 1383 subministret.
1066 1308 1135 1381 Per
1156 1306 1329 1381 Christum
1348 1308 1406 1379 llo

105 1418 231 1487 minum
251 1423 415 1484 nostrum.
469 1416 512 1503 st·
539 1412 662 1482 Amen.
718 1421 754 1482 ss
768 1421 901 1500 aspergit
914 1436 965 1482 ess
979 1436 1053 1500 aqua
1068 1418 1237 1481 benedicta.
1277 1418 1405 1480 'l'aacex-

106 1522 413 1587 trabitanonsecrato
428 1523 552 1584 annulus
566 1522 755 1602 pandioniis,
769 1522 875 1584 deinde
889 1522 975 1583 sedat
988 1520 1021 1583 0.
1036 1529 1067 1581 st
1080 1521 1288 1583 adinventibus
1301 1520 1406 1602 Episco-

107 1629 153 1707 pis
174 1625 391 1686 desistentibus
412 1625 537 1702 imponit
556 1624 621 1683 illas
641 1624 774 1684 manibus
797 1623 969 1685 consecrati
990 1623 1108 1684 diceas:
1142 1613 1326 1685 circumda
1349 1613 1407 1683 bo

59 1766 62 1771 -
106 1722 198 1790 mine
220 1737 340 1788 manus
361 1714 459 1787 buius
479 1717 621 1786 ministri
643 1720 691 1786 tui
711 1715 872 1787 munditia
894 1718 978 1787 novi
998 1715 1154 1804 bominis,
1178 1718 1237 1810 qui
1257 1717 1302 1786 de
1321 1713 1407 1786 coelo

108 1817 297 1904 descendit,
326 1816 610 1909 quemadmodum
633 1816 738 1888 Iacob
759 1818 903 1891 dilectus
924 1827 1015 1904 tuus,
1036 1816 1209 1911 pelliculis
1234 1817 1409 1888 haedorum

108 1922 238 2017 opertis
259 1918 414 1990 manibus
435 1928 611 2012 paternam
632 1918 905 1990 benedictionem
928 1918 1044 1990 oblato
1062 1921 1150 2013 putri
1172 1918 1252 1990 cibo
1273 1929 1412 2015 potuque

109 2023 305 2115 gratissimo
332 2022 526 2114 impetravit
535 2016 584 2114 ¹)=
618 2022 670 2092 sic
697 2031 732 2092 et
754 2022 818 2093 iste
842 2020 956 2091 oblata
982 2041 1046 2115 per
1067 2041 1187 2092 manus
1209 2042 1291 2092 suas
1314 2020 1413 2091 bostis

108 2122 250 2196 salutari
276 2123 407 2212 gratiae
432 2129 514 2190 tuae
539 2119 813 2201 benedictionem
838 2122 1022 2217 impetrare
1048 2131 1231 2192 mereatur.
1267 2122 1333 2193 Per
1349 2121 1414 2192 Do·

109 2226 235 2295 minum
262 2217 353 2292 ιιι.2

213 2331 252 2394 Et
264 2221 500 2411 ststim)issponit
513 2331 542 2391 ei
555 2332 692 2393 sunulum
707 2332 914 2413 pontificalem.
937 2332 1008 2394 Tum
1022 2334 1119 2412 surgit
1133 2332 1168 2394 G.
1182 2341 1211 2396 et
1221 2333 1328 2413 accipit
1341 2331 1416 2394 Gou-

110 2422 256 2498 secratum
276 2451 331 2514 per
351 2450 466 2494 manum
480 2432 632 2495 dexteram
651 2442 683 2495 at
702 2435 812 2514 primus
829 2450 867 2496 sn
881 2435 1097 2497 desistentibus
1112 2428 1269 2517 Episcopis
1282 2452 1338 2516 per
1350 2434 1416 2495 siai

111 2546 202 2599 stram
223 2545 254 2598 at
272 2536 451 2597 lutronlsant
472 2550 555 2612 eum,
573 2534 714 2616 ponendo
727 2538 822 2616 ipsam
836 2535 872 2597 ad
885 2534 1047 2598 sedendum
1061 2536 1091 2598 ln
1104 2537 1292 2615 laldtstorio‚
1313 2537 1351 2599 de
1363 2551 1417 2616 qua

111 2639 242 2700 surrexit
263 2635 314 2698 G:
339 2636 388 2699 rel
417 2637 444 2696 si
464 2635 494 2697 id
516 2636 566 2698 d'st
584 2637 613 2699 lu
633 2637 761 2699 ecclesis
774 2638 895 2719 propria
909 2637 1101 2716 consecrati,
1122 2640 1303 2701 intronizans
1316 2654 1380 2699 eun
1392 2638 1416 2696 ir

111 2740 185 2802 sade
199 2738 370 2818 Episcopalt
383 2746 526 2799 consueta
540 2746 570 2800 et
583 2736 617 2799 0.
631 2738 719 2800 tradit
733 2741 761 2800 ei
775 2739 909 2800 baculum
922 2741 1102 2821 pastoralem
1116 2741 1146 2801 ln
1161 2728 1335 2817 sinistra⁸).

214 2838 330 2900 Deinde
350 2854 455 2900 versus
472 2839 509 2901 ad
530 2840 622 2902 altars
635 2838 669 2902 0.
689 2849 771 2902 stans
783 2842 906 2922 incipit,
929 2843 1039 2903 ceteris
1056 2860 1151 2923 usque
1163 2841 1201 2903 sd
1218 2843 1309 2904 duem
1323 2858 1416 2922 pross-

112 2940 271 3023 questibus
294 2939 439 3015 tynam.
491 2930 545 3003 Tc
562 2931 675 3002 Deum
696 2932 899 3007 Laudamus.
951 2942 1075 3024 incepta
1095 2943 1207 3020 hymno
1228 2943 1415 3006 consecratas

113 3042 229 3104 ducitur
242 3041 280 3102 ub
294 3041 511 3103 desistentibus
524 3038 684 3124 liplscopis
701 3060 757 3123 par
770 3042 927 3105 sedeciam
947 3052 978 3106 at
990 3045 1127 3107 omnibns
1140 3045 1306 3107 benedicit
1313 3032 1349 3103 *ι
1375 3043 1413 3106 lli

112 3215 245 3271 sduotsrc
266 3222 383 3288 ustum,
404 3217 480 3291 quod
493 3225 598 3277 certum
612 3226 672 3290 est,
692 3221 720 3277 in
733 3219 922 3278 vetustissimis
934 3219 1013 3277 libris
1027 3220 1126 3279 nullum
1140 3227 1257 3279 enters
1267 3222 1338 3279 ritus
1347 3233 1412 3292 nort

113 3300 167 3355 scri
187 3299 207 3354 ti
222 3299 291 3355 vesti
315 3301 377 3357 ium.

169 3317 203 3457 b)
221 3380 263 3437 lle
293 3317 347 3440 bon
373 3382 444 3456 lugit
461 3383 534 3457 quad
554 3385 657 3456 legitur
673 3384 744 3460 apud
767 3385 1005 3457 chrysostomum:
1025 3378 1080 3449 eda
1099 3377 1216 3463 πατέρα
1235 3377 1414 3465 ηἰιᾶιησιιὸ

112 3458 228 3542 Ἰακώβ
247 3454 306 3525 dtt’
329 3458 384 3527 oda
407 3459 517 3543 dudm,
536 3458 600 3526 dtt'
621 3465 779 3545 ulcuscula
798 3504 835 3514 -
852 3476 958 3541 tantan,
977 3476 1007 3527 ut
1023 3472 1185 3528 sententiam
1199 3488 1289 3528 meam
1301 3472 1413 3533 iusim,

114 3552 200 3608 mium
210 3550 302 3622 placet
313 3551 341 3607 is
352 3553 424 3609 bons
436 3557 465 3608 st
474 3552 586 3624 pololtrs
598 3553 725 3609 oratioue
735 3555 803 3610 base
814 3553 975 3611 namuurum
987 3554 1181 3628 epimopaliust
1192 3571 1255 3613 cnm
1264 3555 1413 3630 petente

149 3635 176 3692 bi
188 3650 250 3691 com
269 3636 368 3691 arado.
1393 3662 1397 3669 ·

114 3653 149 3697 ω
176 3718 207 3795 2)
223 3652 394 3777 Osarimouia
403 3718 438 3775 ab
451 3720 524 3777 omui
535 3726 671 3779 vetustata
682 3728 794 3794 accepts
807 3719 900 3778 (louet
913 3722 986 3795 App.
997 3718 1026 3793 8,
1040 3724 1072 3779 5:
1088 3717 1142 3783 scel
1155 3724 1195 3805 τῇ
1206 3719 1309 3785 toties
1320 3721 1413 3802 Mat

115 3800 245 3875 νιζέσθω
258 3801 302 3874 εἰς
316 3796 371 3862 sa'v
385 3790 470 3884 αι’τῷ
483 3800 666 3881 διαφέροντα
678 3794 776 3866 ro'rscs
793 3798 876 3883 παρᾶ
895 3807 955 3866 τῶν
975 3808 1091 3867 λοιπῶν
1105 3802 1293 3880 insomnes,
1306 3802 1415 3869 adnm

115 3879 208 3946 odsds
228 3877 421 3965 φιλησᾶντων
445 3883 488 3966 τῷ
507 3880 540 3947 dv
558 3886 664 3968 Κυρίῳ
680 3880 837 3965 φιλήματι.
867 3886 947 3947 Adde
964 3890 1139 3949 Fortnnstnut
1151 3892 1180 3949 iu
1191 3893 1249 3950 rita
1264 3894 1293 3952 S.
1309 3889 1416 3950 llartisl:

114 3966 240 4042 Eligitur,
253 3972 523 4042 innumerorum,
537 3971 574 4028 in
587 3984 668 4029 arca
679 3973 794 4030 locatur.

176 4051 207 4127 a)
226 4055 301 4114 Ordo
316 4056 452 4114 Ronanus
465 4061 586 4113 tmolus
600 4057 669 4112 tunc
685 4059 836 4115 orationem
847 4056 988 4115 rimandam
1002 4057 1182 4132 pnssmlbit,
1197 4060 1311 4133 qando
1321 4059 1417 4117 lllssh

115 4136 234 4193 induitur
245 4141 371 4199 manicis:
384 4141 562 4212 „Immensum
574 4142 743 4198 clementiam
756 4150 828 4199 taam
841 4158 970 4214 rogamus
985 4144 1158 4217 omnipotens
1169 4150 1199 4201 et
1210 4145 1336 4218 piissime
1348 4145 1416 4208 llos,

115 4228 250 4279 almanus
260 4223 340 4282 istius
353 4225 445 4283 famuli
460 4225 499 4281 tui
516 4225 610 4284 tiron
630 4228 737 4298 nostri,
755 4228 827 4284 sicut
842 4227 962 4285 exterius
977 4228 1148 4287 obducantur
1160 4230 1276 4287 unicis
1293 4228 1372 4299 istis,
1386 4225 1417 4282 sit

115 4303 230 4364 interius
249 4319 431 4380 murentur
449 4325 517 4367 rora
535 4317 597 4367 tuas
616 4309 850 4372 benedictionis.“
879 4311 909 4368 ln
925 4312 1005 4370 llisss
1021 4313 1131 4371 lietoldi
1147 4312 1274 4372 manicas
1292 4330 1354 4371 cu
1369 4308 1417 4367 stit

116 4387 317 4527 {sumentibus
327 4393 490 4453 indumentis
500 4403 753 4454 commemorantur.
775 4397 810 4453 lit
820 4397 848 4453 iu
859 4396 940 4455 llius
951 4397 1053 4468 lllyrici
1065 4400 1260 4457 amtstoratio
1271 4397 1416 4457 mutuor

136 4488 166 4529 18
178 4490 279 4530 munus.

175 4554 207 4631 ⁴)
227 4555 329 4615 titis·
343 4559 566 4633 summurn
582 4564 705 4623 wsmn
719 4568 800 4625 sus
822 4564 916 4640 usqu·
928 4565 1292 4641 snsnomenooasgn
1305 4564 1416 4623 nonas
