3046 4942
720 223 799 322 'aas
926 340 936 344 ⁸

115 508 123 521 ⁶
254 527 379 600 ti'itaa
404 528 655 600 celebrandi
678 526 938 598 Matrimonii
961 535 1286 598 sacramentam.

209 674 358 734 Parocbus
378 675 470 751 igitur
493 672 706 733 matrimonium
731 669 934 731 celebraturus
954 668 1206 749 publicationibus
1227 668 1317 730 iactis
1336 669 1419 730 tribus

106 775 210 838 diebus
224 776 320 852 iestis,
335 785 366 836 ut
381 774 489 835 dictum
504 783 560 851 cst,
574 775 599 833 si
614 771 724 832 nullum
739 771 838 833 obstet
852 770 1016 848 legitimum
1032 771 1274 852 impedimentum
1289 768 1416 832 quccic·

107 880 150 939 sia
171 877 393 958 superpelliceo
409 886 438 937 et
453 875 519 936 alba
534 875 611 936 stola
627 875 760 952 indutus,
783 872 914 934 adhibito
933 876 991 934 unb
1006 873 1109 935 saite'm
1123 873 1236 935 clerico
1251 872 1416 954 superpelli-

107 998 161 1042 ceo
182 981 293 1060 pariter
306 978 426 1055 induto,
447 977 496 1057 qui
510 977 616 1038 librum
630 985 660 1037 et
673 994 726 1036 vas
739 994 832 1056 aquae
846 974 1101 1036 benedictionum
1114 977 1290 1056 aspersorio
1302 974 1413 1054 deierat,

107 1099 206 1144 coram
228 1080 321 1142 tribus
344 1088 394 1140 aut
408 1079 522 1140 duobus
537 1079 663 1139 testibus
680 1080 775 1165 virum
794 1087 824 1139 et
839 1078 1009 1155 mulierem,
1035 1096 1109 1158 quos
1124 1088 1282 1158 pareutum
1297 1076 1345 1139 vel
1356 1095 1413 1157 pro

106 1187 283 1265 pinquorum
302 1199 420 1243 suorum
437 1183 604 1260 praesentia
624 1181 812 1241 cohonestari
827 1178 929 1257 decet,
946 1178 984 1240 de
998 1186 1145 1240 consensu
1159 1182 1190 1241 in
1211 1181 1412 1241 matrimonium

106 1287 276 1363 interroget
289 1293 443 1364 utrumque
457 1282 608 1360 sigiiiatim
625 1283 654 1342 iu
668 1283 746 1343 hunc
759 1281 875 1342 modum
889 1281 1005 1359 attigeri
1018 1272 1170 1344 sermoue:

209 1412 249 1486 N.
273 1414 327 1487 vis
346 1417 505 1510 accipere
525 1412 565 1485 N.
591 1413 646 1485 hic
668 1422 884 1510 praesentem
906 1416 941 1484 in
959 1423 1054 1485 tuam
1073 1411 1262 1504 legitimam
1282 1433 1412 1482 uorem

108 1504 218 1588 iuxta‘
234 1519 335 1586 ritum
370 1528 509 1588 sauctae
536 1519 653 1588 matris
682 1512 879 1589 ecclesiae?
934 1523 1125 1605 Respondeat
1154 1541 1287 1605 sponsus
1323 1511 1410 1584 Volo.

107 1627 177 1688 Mox
191 1626 329 1687 sacerdos
344 1645 482 1706 sponsam
498 1630 679 1705 interroget:
699 1616 739 1687 N.
761 1619 815 1688 vis
837 1619 995 1712 accipere
1017 1614 1057 1688 N.
1078 1614 1133 1685 hio
1153 1617 1412 1710 praesentemin

106 1729 200 1791 tuum
221 1719 409 1811 legitimum
428 1723 584 1792 maritum
608 1723 701 1792 iuxta
722 1722 823 1789 ritum
844 1729 983 1794 sanctae
1005 1720 1120 1790 matris
1139 1715 1342 1789 ecclesiae?
1361 1725 1412 1802 ‘tie

73 1894 78 1901 ,
108 1829 255 1910 spondeat
276 1818 379 1890 Volo
420 1830 483 1892 Nec
503 1832 614 1892 sufficit
636 1848 801 1892 consensus
821 1830 923 1908 unius,
942 1828 996 1889 scd
1010 1827 1100 1889 debet
1115 1847 1184 1890 esse
1198 1827 1369 1905 amborum,
1390 1835 1413 1887 et

104 1949 269 2012 expressus
284 1929 382 2011 aliquo
398 1933 485 2009 signo
501 1920 652 2010 sensibili.
678 1934 743 1994 sive
760 1933 935 2011 deiparae,
951 1933 1015 1991 sire
1031 1949 1089 2010 per,
1099 1939 1336 2010 procuratorem.
1362 1928 1411 1989 ilu-

108 2043 157 2095 tuo
173 2035 263 2112 igitur
276 2032 512 2094 contrabentium
528 2051 678 2095 consensu
693 2033 858 2110 intellecto,
874 2032 1021 2094 Sacerdos
1036 2031 1136 2092 iubeat
1149 2049 1204 2093 cos
1218 2033 1348 2093 invicem
1362 2032 1413 2091 iuu-

107 2124 338 2214 geredexieras
354 2134 469 2197 dicens:
495 2124 573 2217 Ego
593 2126 765 2216 coniungo
786 2145 852 2197 vos
875 2127 909 2194 in
935 2127 1203 2215 matrimonium,
1222 2127 1257 2193 in
1283 2127 1413 2195 nomine

106 2226 217 2299 Patris
239 2224 270 2316 †
295 2235 329 2296 et
351 2225 431 2299 Filii
451 2237 486 2297 ct
504 2226 649 2322 Spiritus
670 2224 795 2300 Sancti.
817 2225 943 2315 Amen,
959 2235 1016 2296 ‘vet
1030 2235 1095 2296 aliis
1112 2245 1207 2297 utatur
1224 2233 1323 2295 verbis
1339 2237 1413 2295 iura

107 2347 258 2419 receptum
287 2339 515 2419 uniuscuiusque
541 2340 714 2418 provinciae
742 2340 843 2398 ritum:
867 2349 973 2418 postea
994 2348 1136 2418 aspergat
1154 2355 1227 2419 aqua
1247 2335 1412 2399 benedicta:

107 2459 176 2502 mox
198 2440 354 2501 benedicat
373 2440 527 2501 annulum:
563 2437 605 2505 iu,
635 2430 853 2502 Adiutorium
878 2430 1030 2504 nostrum
1058 2432 1092 2500 in
1115 2433 1253 2502 nomine
1273 2426 1410 2500 Domini.

105 2538 151 2623 lin,
173 2530 239 2618 Qui
259 2532 340 2603 iacit
362 2530 498 2604 coelum
520 2544 553 2604 ct
574 2543 709 2603 terram.
733 2538 774 2605 u.
798 2530 944 2609 Domine
958 2531 1083 2603 exaudi
1097 2536 1289 2604 orationem
1301 2552 1410 2602 meam.

106 2640 148 2725 lp.
178 2633 222 2704 Et
251 2632 382 2713 clamor
402 2656 499 2706 meus
526 2634 568 2704 ad
591 2644 625 2708 te
646 2635 770 2707 veniat.
813 2639 855 2707 ti.
878 2632 1045 2708 Dominus
1072 2632 1263 2729 vobiscum.
1310 2639 1351 2709 D.
1376 2630 1411 2727 Et

107 2756 183 2807 cum
207 2737 326 2830 spiritu
346 2744 415 2806 tuo.
1115 2732 1121 2739 '

212 2872 366 2946 Oramus.
392 2875 587 2971 Deuedic†
603 2878 749 2948 Domine
766 2878 928 2949 annulum
942 2877 1031 2948 bunc
1044 2896 1145 2969 quem
1158 2895 1223 2946 nos
1238 2877 1274 2944 iu
1287 2884 1347 2945 tuo
1359 2894 1409 2944 no

106 2980 196 3047 mine
208 2975 443 3049 benedicimus
458 2979 488 3072 †
503 2990 539 3049 ut
553 3002 640 3073 quoe
655 2996 732 3050 cum
746 2983 948 3071 gestaverit,
963 2978 1159 3049 fidelitatem
1173 2978 1343 3067 integram
1358 2993 1408 3048 sae

104 3100 233 3173 sponso
256 3088 376 3156 tenens
397 3082 432 3148 in
452 3101 541 3174 pace
561 3084 599 3151 et'
618 3081 794 3153 voluntate
816 3090 874 3152 tua
892 3087 1102 3176 permaneat,
1125 3088 1228 3172 atque
1251 3079 1288 3146 iu
1307 3086 1409 3149 muna

106 3183 248 3250 caritate
272 3184 409 3274 semper
430 3184 525 3252 vivat
544 3182 613 3253 Per
635 3181 805 3255 Christum
823 3182 1007 3253 Dominum
1024 3189 1187 3251 nostrum:
1229 3182 1273 3269 D.
1297 3177 1408 3249 Amen

105 3289 221 3350 Deinde
233 3291 375 3351 sacerdos
389 3280 681 3370 aspergat'annulum
700 3304 774 3372 aqua
788 3292 945 3355 benedicta
961 3294 989 3352 iu
1004 3290 1122 3352 modum
1136 3289 1233 3351 crucis
1246 3297 1278 3349 et
1291 3304 1410 3370 spumas

105 3399 257 3469 acceptum
279 3388 316 3450 de
330 3408 415 3452 manu
429 3395 599 3455 Sacerdotis
615 3396 740 3473 imponit
755 3397 784 3454 in
798 3395 892 3472 digito
911 3393 1045 3455 auuuiari
1061 3393 1198 3452 sinistrae
1212 3407 1320 3452 manus
1335 3407 1410 3471 span

104 3510 168 3568 sae,
184 3490 342 3552 sacerdote
359 3491 490 3555 dicente:
516 3484 555 3556 In
576 3489 713 3558 nomino
735 3487 845 3559 Patris
863 3484 895 3578 †
914 3494 951 3555 ei
974 3484 1051 3555 titii
1074 3493 1108 3554 ei
1125 3481 1275 3578 Spiritus
1296 3482 1410 3554 Sancti

104 3582 226 3677 Amen.
268 3591 343 3653 tion
363 3592 520 3673 subiungas
543 3594 594 3660 ti:
622 3585 794 3658 confirma
814 3585 881 3658 hoc
903 3585 999 3671 Deus
1021 3583 1113 3678 quod
1131 3593 1296 3678 operatus
1325 3584 1413 3657 esiu

104 3684 212 3780 nobis
249 3688 292 3775 ib.
316 3684 351 3755 A
371 3687 500 3782 templo
517 3699 637 3760 sancto
657 3698 716 3759 tuo
739 3687 831 3781 quod
852 3697 906 3760 est
925 3689 961 3757 iu
977 3684 1173 3758 lemaalem.
1205 3682 1319 3776 narie
1340 3685 1414 3757 elei-

104 3807 178 3857 sou.
224 3784 359 3860 Christe
382 3786 525 3861 eleison
567 3788 678 3882 Kyrie
700 3790 858 3861 eleison..
888 3788 991 3858 Pater
1009 3795 1129 3860 noster
1142 3795 1213 3858 etc.
1248 3791 1292 3858 a,
1314 3784 1360 3855 Et
1377 3803 1415 3855 ue

104 3907 169 3958 nos
190 3888 332 3961 iuducas
353 3890 387 3957 in
409 3893 639 3960 tentationem.
681 3895 725 3979 ia.
748 3889 819 3960 Sed
839 3887 948 3961 libera
966 3909 1030 3959 nos
1052 3909 1071 3956 a
1089 3886 1191 3960 maio.
1210 3891 1270 3960 bi.
1292 3885 1415 3958 Salvos

97 3985 161 4057 >iac
181 4009 305 4062 servos
327 3998 416 4062 tuos.
450 3994 494 4080 lb.
516 3989 612 4063 Deus
632 4011 729 4085 meus
751 4000 929 4084 sperantes
950 3992 986 4060 iu
1007 3999 1050 4060 te.
1092 3992 1134 4077 D:
1157 3985 1258 4059 Mitte
1277 3991 1333 4059 eis
1352 3987 1416 4059 Do

105 4089 195 4159 mine
226 4091 389 4160 amnium
418 4089 460 4161 de
487 4101 615 4164 sancto.
657 4096 700 4182 D.
724 4089 770 4162 Et
792 4090 835 4163 de
856 4090 941 4164 Sion
959 4100 1058 4162 tuere
1079 4108 1152 4161 eos.
1196 4093 1240 4160 V.
1263 4085 1356 4163 Esto
1372 4088 1417 4159 eis

104 4188 251 4262 Domine
271 4194 374 4265 turris
395 4189 611 4266 fortitudinis.
652 4197 697 4283 ib.
718 4193 752 4263 A
766 4186 861 4263 ‘iacis
883 4191 1016 4267 ieiunet.
1060 4195 1102 4263 u.
1124 4188 1273 4262 Domine
1295 4187 1418 4261 exaudi

106 4293 295 4362 orationem
315 4314 433 4363 meam.
476 4299 519 4385 ii.
542 4293 587 4363 Et
609 4295 739 4363 clamor
760 4314 857 4365 maus
885 4292 927 4362 ad
950 4302 984 4362 te
1007 4293 1135 4361 veniat.
1184 4296 1226 4366 n,
1251 4289 1418 4363 Dominus

105 4388 292 4464 vobiscum.
341 4397 384 4483 it.
412 4395 456 4465 Et
477 4418 554 4467 cum
580 4394 707 4488 Spiritu
733 4403 802 4463 tuo.
