3046 4942
812 328 949 421 aaa,

195 527 313 589 votum
335 517 433 586 uouit
451 512 612 601 Domino,
634 535 720 584 rere
737 512 836 584 iocus
852 516 919 586 iste
934 519 1073 584 sanctas
1085 519 1141 582 eu
1157 519 1198 581 et
1211 530 1278 603 agn
1292 507 1486 585 nesciebtn

194 621 353 693 Pactus.
379 617 512 688 Bonum
533 626 587 689 esf
605 615 761 688 confiteri
780 637 839 687 etc.
887 623 925 686 tta
941 643 1003 686 non
1019 610 1267 693 dicitanfttrh.
1302 621 1486 704 deceptade-

194 732 315 812 tiphonn
329 728 468 791 Pontifex
489 738 612 808 accepta
632 732 716 789 nitra
732 728 803 789 fneit
816 730 921 788 itera·
934 729 1063 808 quinq-e
1076 743 1187 786 enea
1197 724 1430 817 flpoffioe‘de
1444 743 1487 788 no·

194 835 260 897 den
275 835 345 895 oteo
359 831 633 893 anteehnneaornn
648 833 677 891 in
692 830 804 892 eisden
818 830 1013 905 tocisnitaris,
1024 827 1486 911 etennrdine,prortprinsfecit,

193 937 296 999 dicens
310 934 377 997 dnn
399 933 534 1011 singutas
555 952 659 993 cruces
671 934 757 993 feeit:
777 923 1061 1017 Sanctificetur
1073 940 1132 993 etr.
1170 929 1291 993 fiebde
1301 930 1430 993 Pontifex
1441 946 1492 992 ao·

193 1049 283 1120 cepto
297 1037 445 1098 ttnrtnuto
458 1055 475 1095 a
489 1036 652 1096 Sacerdote
666 1035 759 1095 aftnre
771 1038 960 1111 incensante,
980 1035 1120 1114 inposito
1133 1042 1166 1094 et
1179 1033 1359 1111 benedicto,
1371 1043 1402 1094 nt
1412 1034 1487 1115 priua

194 1145 335 1215 incenso,
353 1149 434 1199 stans
449 1157 513 1198 enm
527 1140 612 1197 nitra
628 1139 747 1198 inchoat
761 1141 885 1215 iternnr,
906 1138 1010 1199 sciata
1022 1145 1243 1217 prosequente,
1257 1136 1485 1217 iierponsotinn:

194 1235 376 1325 [dirigatur.
417 1239 454 1300 Et
467 1241 574 1300 dicitnr
586 1250 688 1301 totum.
715 1242 781 1315 Quo
796 1243 915 1321 incepto
929 1242 1034 1301 circuit
1048 1241 1153 1300 item·
1166 1239 1262 1300 anci
1275 1238 1370 1300 aftana
1382 1238 1416 1300 ad
1426 1239 1484 1300 dex·

193 1357 285 1419 tram,
306 1341 379 1403 iffud
394 1340 588 1418 incensando,
602 1361 661 1422 qno
675 1343 755 1403 fneto
769 1346 906 1404 restituto
920 1343 1069 1403 thuribulo
1081 1341 1238 1404 Sacerdoti
1251 1350 1284 1403 et
1295 1341 1483 1423 Responsotio

195 1449 296 1520 finito,
309 1445 447 1505 Pontifex
462 1444 596 1524 deposita
610 1448 710 1522 nitra,
724 1445 810 1506 dicit:

296 1539 440 1609 Orermra.
487 1546 525 1607 Et
550 1550 693 1609 ministri:
718 1538 914 1610 Fleetamus
940 1559 1062 1630 genua
1105 1540 1149 1626 ita.
1175 1534 1320 1608 Levnte.
1369 1534 1481 1607 Adesto

194 1642 339 1713 Domine
359 1639 563 1713 dedicationi
582 1641 681 1712 huius
705 1663 844 1712 mensae
859 1649 938 1711 tuae
959 1650 993 1711 et
1011 1643 1046 1710 in
1063 1661 1138 1710 eam
1155 1660 1246 1734 quae
1263 1661 1284 1709 a
1300 1638 1402 1711 nobis
1414 1635 1480 1708 indi

193 1746 270 1838 guis
288 1753 407 1815 sancto
427 1742 521 1813 finita
542 1755 595 1816 est
612 1744 706 1830 oleo,
722 1742 1016 1836 bene†dietionis
1032 1751 1068 1812 et
1083 1738 1405 1830 saneti†fieatiouis
1418 1750 1480 1812 uo

192 1849 352 1918 virtutem
379 1856 414 1915 et
434 1850 729 1917 consecrationem
754 1845 903 1917 iniunde.
939 1843 1005 1929 Qui
1026 1847 1127 1916 titis.
1162 1847 1207 1934 Py.
1229 1844 1354 1915 Amen
1362 1841 1392 1941 ¹)
1420 1852 1479 1913 Atta

297 1949 441 2019 Oreoms.
479 1946 700 2045 Omnipotens
717 1951 923 2042 sempiterne
941 1947 1049 2033 Deus,
1066 1947 1175 2018 altare
1191 1945 1262 2017 hoe
1278 1945 1371 2042 quod
1386 1949 1419 2017 in
1432 1943 1481 2016 io

193 2072 314 2122 norem
339 2058 433 2121 tuum
457 2060 492 2121 et
517 2053 552 2120 in
574 2052 770 2121 memoriam
798 2049 914 2120 Sancti
938 2052 987 2122 tui
1008 2046 1049 2119 N.
1072 2070 1137 2121 nos
1161 2047 1296 2141 indigni
1319 2068 1481 2122 comente

192 2175 279 2240 mus,
306 2154 432 2222 virtute
454 2161 533 2222 tuae
557 2151 850 2244 bene†dietionis
873 2149 1060 2239 sanctifica,
1084 2159 1120 2222 et
1139 2151 1298 2225 omnibus
1317 2161 1351 2222 ta
1371 2151 1422 2222 faie
1437 2151 1481 2220 in·

192 2252 395 2325 vocantibus
421 2263 523 2346 atque
549 2255 584 2323 in
609 2264 644 2324 te
669 2252 883 2348 sperantibus
909 2255 1028 2324 auxilii
1052 2257 1101 2324 tui
1122 2275 1247 2326 munus
1269 2253 1424 2340 ostende,
1448 2260 1481 2322 nt

193 2356 272 2428 huic
297 2356 396 2426 altari
421 2357 577 2450 imposita
598 2378 739 2427 munera
758 2377 895 2451 semper
915 2366 1056 2451 accepta
1078 2354 1152 2426 fieri
1172 2355 1327 2448 dignaris
1345 2366 1379 2428 et
1394 2357 1427 2426 in
1444 2374 1481 2426 eo

193 2457 492 2532 sacramentorum
513 2460 623 2531 virtum
645 2469 680 2531 et
701 2469 861 2531 votorum
881 2480 1018 2554 semper
1036 2457 1229 2530 obtineatur
1246 2457 1395 2533 effeetus.
1424 2455 1482 2529 Per

194 2560 372 2634 Christum.
419 2565 461 2653 Pp.
486 2559 608 2632 Amen.
618 2556 651 2646 ²)

295 2673 359 2748 Qua
379 2672 460 2734 inita
473 2672 612 2734 Pontifex
627 2672 746 2753 incipit,
764 2672 865 2734 schofa
879 2682 1080 2754 prosequente
1095 2662 1313 2753 Antiphonem:
1340 2660 1438 2735 Unxif
1455 2668 1481 2731 te

193 2765 287 2838 Deus
302 2776 380 2837 tuus
395 2765 474 2837 oleo
486 2765 635 2836 laetitiae
647 2788 730 2861 prae
745 2766 961 2838 consorthus
974 2769 1050 2839 tuis.
1072 2766 1231 2839 Prolatae
1254 2765 1436 2837 musam
1452 2769 1482 2833 n

194 2893 253 2935 non
274 2877 381 2938 dieitur
394 2864 521 2938 Gloria.
563 2876 683 2957 lueepta
697 2877 865 2958 Antiphone
878 2878 1037 2955 Pontifex,
1058 2887 1179 2959 aceeptn
1193 2879 1299 2953 nritra,
1314 2880 1415 2938 iterun
1426 2874 1481 2936 fno't

194 2979 322 3058 quinque
341 2996 445 3040 eruces
465 2977 502 3039 de
522 2988 626 3040 saneto
642 2978 805 3041 chrismate
825 2998 889 3041 cnm
904 2980 1014 3061 polliae
1029 2980 1169 3042 dexterae
1186 2998 1290 3041 manns
1305 2981 1335 3041 in
1349 2978 1441 3040 medio
1451 2985 1481 3037 te

194 3078 279 3140 baiae
294 3081 393 3142 altaris
408 3091 439 3143 et
452 3081 481 3141 in
496 3091 622 3162 quatuor
634 3084 697 3142 eius
711 3082 845 3160 angulis,
866 3083 970 3145 ordina
984 3085 1190 3164 superposito,
1207 3083 1245 3143 nd
1262 3082 1421 3163 quamlibet
1432 3096 1481 3142 cru
1519 3074 1521 3087 '

194 3198 256 3242 cem
272 3181 387 3242 diceus:
408 3173 691 3266 Sancti-imina
710 3195 768 3245 ete.
781 3184 895 3247 Deinde
909 3185 1048 3247 Pontifex
1061 3195 1184 3266 accepto
1200 3195 1335 3266 utsupra
1351 3181 1481 3246 thuribulo
1519 3174 1521 3180 ’

194 3290 224 3344 et
237 3281 393 3345 benedicto
409 3287 542 3363 incenso,
556 3295 637 3347 stans
653 3305 717 3347 oum
731 3289 815 3348 mitra
829 3289 947 3350 inchoat
959 3288 1062 3350 schola
1075 3296 1276 3370 prosequente
1288 3287 1481 3369 Antiphonem:

192 3374 376 3468 Ditigafut.
422 3385 460 3446 Et
481 3386 586 3448 dieitur
607 3397 709 3448 totum.
740 3389 806 3464 Quo
828 3391 947 3471 ineepto
960 3391 1099 3453 Pontifex
1123 3391 1228 3452 cireuit
1248 3382 1482 3452 mustitana

191 3488 348 3562 sinistram,
363 3485 434 3547 illud
452 3489 618 3568 incensans,
633 3499 664 3553 ut
677 3493 769 3571 prius,
783 3510 842 3572 quo
857 3494 1021 3572 incensato,
1040 3496 1176 3556 restituto
1193 3502 1226 3555 nt
1239 3503 1328 3555 antea
1342 3490 1481 3563 thuribulo,

192 3591 327 3672 deposita
342 3589 423 3649 mitra
437 3588 521 3651 dieit:

296 3685 439 3756 menna.
480 3684 1026 3780 Etmiutstri:Pleotamusgenua.
1063 3685 1481 3781 anomianorum

192 3808 397 3881 quaesumus
423 3785 568 3858 Domine
594 3786 689 3859 Deus
709 3799 828 3860 noster
854 3789 1000 3886 Spiritus
1026 3801 1104 3865 tuns
1130 3790 1278 3864 Sanctus
1303 3812 1399 3888 anper
1423 3787 1481 3859 hoe

191 3890 311 3980 aftaro,
333 3891 390 3984 qui
412 3899 446 3961 et
467 3889 556 3961 duna
578 3899 693 3961 nostra
715 3900 749 3960 et
767 3893 885 3987 populi
904 3896 984 3964 tui
973 3915 1006 3963 ιιι
1030 3915 1074 3967 eo
1095 3891 1295 3967 sanctificet
1307 3903 1340 3967 et
1359 3909 1480 3967 aumen-

191 3992 272 4061 tium
291 3990 396 4064 eorda
414 3991 593 4085 dignanter
610 3990 777 4064 emundet
813 3994 880 4066 Per
900 3994 997 4067 Dom.
1033 4000 1076 4088 Pp
1094 3995 1217 4068 Amen
1226 3991 1261 4092 ⁸)

264 4195 461 4271 l:)coffectae
475 4197 1461 4276 tustinontneettdestonominereoanttornsunrortrnit

261 4281 348 4351 2).Et
370 4284 960 4344 attarenominitnodieatum—
976 4280 1475 4348 contestisvirtntiaftenadi·
1519 4306 1521 4347 ;

192 4366 315 4422 ctione
344 4368 607 4425 sanetifina—
631 4368 1206 4444 omnibusintesperautibus-
1169 4367 1475 4454 -ostendantiit

193 4447 774 4510 decrementorumvirtusetvot.
792 4453 905 4511 obtin.
922 4457 979 4513 eff

261 4532 387 4606 d.)(frag
403 4534 444 4595 nt.
460 4536 1109 4611 quietpopulituidonaranotifieet.
1139 4533 1521 4613 tetragrammata

193 4616 635 4678 turPostretatnmaftare
1518 4650 1521 4733 p
