3046 4942
747 319 773 355 vt

108 481 236 549 stianos
263 477 305 547 ad
330 477 502 570 pristinam
528 471 745 545 concordiam
773 470 960 558 reducere,
993 494 1037 542 ne
1064 469 1174 541 dicam
1199 470 1398 567 pugnacibus

109 578 358 650 Polemicorum
380 576 549 665 libellis,
540 598 688 678 ipsorum
713 575 983 667 dogmaticorum
1004 573 1302 669 disputationibus·
1326 577 1380 645 at
1375 597 1402 644 ιιι

108 702 152 751 eo
173 702 292 775 campo
310 679 521 771 theologiae,
548 699 648 772 quem
666 681 852 773 practicam
870 676 1046 771 appellare
1060 676 1153 763 lieet,
1173 676 1311 749 frondet
1322 681 1402 773 paci

108 781 203 853 ferae
227 782 340 853 olivae
363 803 486 853 ramus
539 779 584 851 Ut
613 802 715 849 unum
738 779 931 873 exemplum
954 779 1106 862 afferam,
1133 781 1167 848 in
1189 779 1404 851 omnibusdi-

108 906 288 957 versarum
319 883 543 956 ecclesiarum
575 882 740 974 liturgiis,
775 884 805 952 si
830 883 989 953 mittimus
1015 881 1168 975 aepipya
1193 892 1297 976 atque
1321 874 1405 951 tad-

110 1011 217 1079 φορα,
239 986 359 1058 eadem
379 987 549 1057 invenitur
568 984 678 1055 Deum
700 995 734 1055 et
754 982 890 1055 Patrem
909 983 988 1056 lesu
1012 982 1136 1055 Christi
1158 985 1297 1056 colendi
1316 989 1406 1070 ratio,

109 1090 252 1160 eaedem
272 1089 433 1181 leguntur
455 1089 655 1174 sententiae,
681 1108 804 1182 preces
827 1086 1027 1158 adhibentur
1047 1096 1148 1179 utque
1171 1090 1332 1182 suspiria,
1358 1109 1406 1158 ea·

109 1190 186 1262 dem
221 1190 437 1261 celebrantur
471 1199 699 1277 sacramenta,
733 1198 860 1260 mutato
887 1191 1023 1259 nomine
1051 1198 1085 1258 et
1111 1188 1241 1277 forma,
1277 1199 1406 1261 servato

110 1291 320 1364 Christianae
338 1293 516 1386 religionis
537 1294 685 1384 ingenio.
732 1287 862 1374 Quodsi
884 1294 993 1362 minus
1012 1299 1127 1362 notum
1149 1302 1184 1362 ct
1205 1291 1406 1362 celebratum

109 1406 179 1482 est,
213 1416 350 1466 eausam
376 1416 521 1488 quaeras
552 1403 586 1465 et
612 1391 702 1488 apud
724 1389 920 1464 catholicos
951 1401 986 1464 et
1012 1392 1101 1488 apud
1123 1394 1407 1486 Evangelieosin

107 1498 197 1591 turpi
213 1517 254 1566 ιι
265 1495 408 1569 -lunesta
426 1500 562 1585 rituum,
581 1499 638 1592 qni
654 1494 696 1566 ab
711 1495 919 1567 adversariis
931 1504 1153 1591 peraguntur,
1170 1499 1314 1568 inscitia.
1344 1495 1406 1565 lan

108 1598 219 1687 vides,
243 1618 310 1693 quo
333 1599 478 1671 oonsilio
500 1597 565 1670 hoc
587 1599 770 1686 volumen,
791 1596 913 1692 quod
904 1620 938 1669 ιι
958 1597 1111 1671 manibus
1131 1598 1294 1684 habetur,
1315 1599 1407 1668 ellor-

106 1702 282 1772 maverim.
508 1717 511 1725 ·

210 1802 301 1874 Sane
327 1805 394 1874 viri
420 1801 511 1873 docti
536 1803 695 1898 permulti
721 1803 764 1873 dc
791 1802 914 1874 divinis
941 1751 1112 1873 ecclesiae
1137 1801 1316 1873 Romanae
1343 1801 1408 1872 olli-

94 1907 169 1977 -ciis
195 1904 387 1978 uberrimos
415 1905 627 1998 reliquerunt
655 1907 915 1976 commentarios
945 1925 986 1973 ιι
1006 1905 1092 1975 ritus
1119 1906 1409 1999 caerimoniasque

108 2009 358 2102 operosissimis
379 2009 513 2102 scriptis
535 2006 754 2079 illustrarunt.
797 2007 846 2078 At
867 2028 953 2076 vero
975 2027 1017 2076 aa
1040 2028 1127 2102 qnae
1149 2007 1305 2078 omnibus
1328 2009 1409 2078 scitu

107 2111 301 2182 necessaria
323 2108 494 2196 videntur,
514 2129 578 2203 per
596 2117 656 2179 tot
667 2118 864 2200 argumenta
885 2107 1060 2202 librosque
1082 2107 1239 2182 diversos
1259 2109 1409 2203 dispersa

106 2222 196 2301 sunt,
214 2221 250 2282 ut
268 2232 337 2283 non
354 2219 432 2280 taur
439 2210 648 2281 illuminent
647 2233 745 2315 quam
765 2208 950 2282 distrahant
968 2220 1124 2281 mentem.
1163 2211 1270 2282 Porro
1290 2210 1408 2281 horum

106 2313 316 2385 voluminum
336 2314 544 2409 comparatio
566 2323 599 2384 et
616 2335 698 2385 usus
712 2314 838 2383 nonita
853 2311 963 2383 facilis
978 2322 1042 2398 est,
1061 2335 1137 2385 eum
1152 2312 1283 2385 aliisde
1299 2316 1408 2384 causis

107 2416 219 2488 multis
240 2427 310 2488 tum
332 2419 542 2512 potissimum
564 2414 608 2487 ob
630 2419 683 2486 rei
707 2413 883 2487 familiaris
909 2418 1103 2507 angustias,
1133 2415 1254 2509 quibus
1276 2416 1407 2511 plurimi

107 2517 149 2588 ab
175 2519 227 2591 his
253 2519 439 2591 rarioribus
473 2518 731 2613 carioribnsque
763 2517 858 2589 libris
884 2516 1106 2611 prohibentur
1132 2540 1173 2588 ac
1200 2518 1406 2589 detinentur.

106 2619 253 2715 denique
273 2622 387 2693 multis
405 2643 474 2691 non
495 2619 607 2691 datum
628 2632 680 2692 est
702 2642 788 2715 opus
810 2619 954 2711 aggredi
975 2620 1127 2713 longum,
1147 2620 1352 2716 perplexum
1371 2641 1407 2688 ac

105 2721 241 2817 plurimi
266 2725 334 2793 otii.
386 2721 505 2816 Itaque
531 2743 598 2814 ego
625 2744 764 2818 operam
789 2724 825 2792 in
850 2742 905 2791 me
931 2725 1107 2817 suscipere
1133 2745 1237 2796 ausus
1266 2725 1406 2809 sum,in

107 2843 209 2892 unum
236 2823 456 2916 congerendo
484 2845 571 2918 quae
597 2824 693 2896 velut
717 2828 851 2921 potiora
879 2845 919 2893 ac
946 2829 1106 2916 gravima
1133 2825 1176 2895 ad
1198 2829 1405 2922 propositum

106 2923 187 2995 mihi
207 2922 307 2996 linem
329 2925 446 2997 iacere
468 2936 637 3021 poterant,
658 2926 748 2998 hunc
769 2926 920 3011 condere
941 2924 1103 2998 codicem
1124 2927 1336 3020 liturgicum
1357 2949 1405 2997 ec

106 3028 234 3098 clesiae
265 3031 468 3117 universae,
502 3051 549 3100 ex
579 3031 696 3102 vastis
711 3027 976 3101 voluminibus
967 3052 1001 3101 ιιι
1028 3033 1197 3126 epitomen
1223 3029 1402 3101 redactum

105 3130 233 3201 Rerum
263 3130 424 3202 collectio
452 3141 570 3227 parata
599 3143 671 3221 est,
699 3154 786 3227 qnae
809 3134 1056 3226 exspectationi
1081 3133 1194 3236 aliqua
1217 3133 1340 3205 saltem
1367 3153 1403 3203 ex

103 3242 202 3329 parte
240 3233 439 3308 satisfacere
471 3243 594 3330 potest
662 3232 991 3355 Commentationes,
1022 3225 1202 3309 nonnullis
1245 3235 1403 3330 capitibus

104 3338 330 3429 praemissas,
356 3347 457 3408 notas
484 3341 610 3439 passim
639 3339 782 3430 margini
802 3336 1003 3431 adspersas,
1033 3336 1154 3429 quibus
1174 3338 1233 3408 vel
1257 3335 1401 3411 ritusab

105 3438 250 3529 antiquis
275 3438 483 3532 temporibus
506 3449 722 3534 repetuntur,
756 3439 814 3510 vel
841 3441 1121 3510 caerimoniarum
1145 3443 1310 3534 mysteria
1332 3461 1403 3536 ape

103 3541 236 3609 riuntur
260 3539 320 3610 vel
346 3543 483 3612 omnino
512 3540 726 3614 difficultates
749 3541 993 3636 explanantur,
1025 3542 1182 3615 consulto
1205 3544 1401 3615 arctioribus

103 3639 224 3713 linibus
247 3643 408 3731 continui,
431 3666 474 3715 ne
497 3644 552 3714 hic
572 3665 708 3739 quoque
731 3643 819 3715 liber
840 3646 874 3713 in
893 3646 1066 3737 ingentem
1082 3645 1208 3717 molem
1227 3666 1402 3718 exeresce

103 3753 156 3815 ret
182 3766 223 3814 ιι
246 3744 404 3817 familiari
432 3749 580 3818 omnium
609 3750 686 3819 usui
713 3745 968 3820 subduceretur
1021 3744 1173 3819 Eandem
1195 3749 1338 3819 instituti
1357 3769 1401 3819 ra-

103 3847 230 3916 tionem
250 3860 407 3938 secutus,
441 3851 470 3920 si
490 3848 566 3920 Deo
586 3849 753 3944 placebit,
785 3847 936 3922 seeundo
965 3846 1100 3924 Codicis
1120 3861 1213 3922 tomo
1235 3853 1271 3920 in
1292 3851 1401 3922 Prote

103 3952 261 4122 sltlantinqr
294 3952 387 4023 cultu
420 3951 534 4023 divino
565 3974 652 4046 quae
682 3961 871 4024 memoratu
898 3951 1001 4045 digna
1029 3962 1123 4041 sunt,
1153 3975 1355 4049 percurram
1372 3959 1400 4021 et

103 4070 114 4117 ι
143 4061 233 4122 nstra
260 4073 290 4122 o

202 4264 374 4328 Scribebam
392 4266 472 4328 llalis
489 4265 572 4328 llllll
589 4266 700 4349 Aprilis
717 4268 960 4332 uncccxtvtt.
1074 4345 1076 4348 Ι

674 4459 842 4531 Herm.
864 4459 1151 4531 mactamus
1170 4460 1359 4530 Daniel.
