3046 4942
513 272 561 344 81

88 436 354 514 Atttuntttts.
465 455 470 464 “
715 440 1054 516 MOZARABICUS.

90 572 124 632 et
143 562 261 656 prunis
284 520 517 634 saevientibus
568 566 667 634 nitur.
705 563 744 633 ln
770 562 828 633 ilia
848 562 1097 658 Redemptione
1116 589 1200 658 gen

96 716 110 767 ⁷.
140 666 318 736 incensum
353 666 516 735 suumin
568 670 651 737 tium
678 664 898 735 vitifieatur:
924 668 960 735 in
986 668 1050 737 ista
1078 679 1200 759 gentes

88 769 265 838 miamatis
285 765 408 837 divinis
427 769 517 836 nari·
553 765 821 841 vivificantur.
832 766 905 838 Per
929 767 1021 837 illam
1047 770 1144 839 venit
1164 779 1201 839 ut

88 879 127 938 nt
142 868 295 940 odorem.
323 867 414 938 Dicit
427 870 517 937 euim
568 879 716 966 peecata
735 868 896 940 tolleret.
924 891 987 964 per
1007 871 1106 941 istam
1125 870 1212 964 totta,

88 993 117 1041 re
138 993 215 1040 eum
236 969 363 1041 Paulo:
392 967 517 1041 Christi
567 974 724 1068 peecata.
738 972 888 1066 propter
894 992 983 1064 quae
1000 974 1105 1042 venit.
1134 972 1202 1043 Per

88 1071 314 1145 r.sumusDeo
339 1069 516 1142 Noneuim
567 1074 662 1145 illam
680 1094 744 1144 nos
758 1072 919 1167 ploravit
938 1096 1002 1168 per
1019 1075 1119 1145 istam
1136 1095 1201 1146 nos

88 1174 271 1269 momodo
262 1196 297 1244 1n
318 1181 410 1245 terra
424 1176 517 1268 posi·
569 1179 702 1247 curavit
727 1184 790 1244 etc.
810 1177 981 1270 martirii
998 1180 1073 1247 ita:
1101 1175 1200 1247 Unde

88 1280 156 1349 onis
177 1276 332 1371 periculo
352 1275 517 1347 liberare·
567 1299 692 1351 nunoa
708 1277 860 1350 dexteris
874 1279 949 1348 eius
962 1277 1057 1349 felici
1076 1286 1112 1349 et
1124 1278 1200 1370 glo-

88 1379 230 1450 uomodo
245 1381 333 1449 inter
346 1386 516 1471 martyres
567 1383 662 1451 riosa
672 1382 885 1475 perennitate
898 1382 1105 1465 consistens,
1121 1400 1200 1451 eum

91 1490 304 1553 oronaretur.
335 1481 403 1552 Per
421 1479 517 1551 ctri-
568 1491 682 1552 teeum
702 1484 917 1575 omnipotens
938 1482 1041 1551 Pater
1066 1492 1102 1551 et
1121 1500 1200 1552 eum

88 1586 196 1654 ninum
237 1590 416 1665 nostrum,
454 1602 517 1673 per
569 1592 688 1656 saneto
725 1581 854 1676 Spiritu
887 1576 1096 1674 regnantem
1123 1604 1200 1652 oum

571 1682 728 1754 omnibus
743 1683 892 1771 Angelis
907 1682 1101 1751 confitendo
1115 1698 1201 1750 cou-

570 1782 690 1853 la'udat
706 1792 742 1852 et
753 1781 853 1851 dioitr

88 2137 98 2171 ‚
121 2082 281 2171 Sanetus,
295 2078 441 2154 Sanctus
461 2083 517 2153 de
619 2083 778 2173 Sanetus,
793 2081 954 2172 Sanetus,
966 2081 1114 2157 Sanetus
1128 2082 1199 2155 Do

99 2187 204 2277 Docet
228 2186 344 2256 Canon
379 2184 517 2255 Caecilii
566 2189 656 2258 mine
671 2187 767 2258 Deus
781 2183 943 2258 Sabaoth.

88 2291 199 2362 manat
218 2291 348 2378 maus,
374 2287 516 2357 antehae
617 2289 716 2360 Pleni
729 2299 809 2362 sunt
823 2288 915 2360 coeli
931 2298 966 2358 et
980 2297 1074 2359 terra
1087 2287 1199 2379 gloria

88 2391 188 2463 eatur
211 2388 325 2461 Missis
350 2397 516 2462 enatem
566 2393 751 2463 maiestatis
765 2402 854 2462 tuae.

88 2500 201 2585 riano,
216 2493 275 2563 31.
383 2498 391 2513 ·
619 2491 756 2565 Osanna
768 2489 985 2578 fitioDavid,
1010 2488 1146 2562 Osanna
1164 2492 1200 2559 in

396 2613 405 2635 ·
514 2635 521 2649 ·
568 2594 727 2665 excelsis.

616 2694 843 2781 Benedictusq
871 2694 929 2786 qui
945 2692 1057 2762 uenit
1076 2694 1113 2761 irt
1136 2708 1200 2763 no-

565 2801 657 2869 mine
692 2796 838 2867 Domini.
894 2792 1030 2865 Osanna
1068 2796 1105 2864 in
1136 2816 1204 2866 ex-

567 2901 682 2973 celsis.
1220 2902 1224 2909 ’

616 3003 750 3092 AgioS,
782 2998 921 3090 Agim,-
950 2998 1063 3090 Agios
1088 2996 1198 3092 Kyrie

568 3103 744 3173 Otheos.·

616 3200 1199 3297 PortSnnetuereoitatSaoer-doa

566 3309 694 3380 brevem
713 3307 899 3375 orationem
911 3308 1022 3397 officio
1038 3305 1105 3374 diei
1120 3327 1196 3375 eon-

485 3440 491 3451 ·
565 3414 837 3499 aestimasse.
864 3411 901 3476 in
924 3408 1106 3477 Natiuitate
1127 3407 1198 3477 Do:

565 3517 663 3583 aaut:
687 3508 782 3580 Vere
804 3515 958 3594 sanetus,
979 3529 1067 3578 vere
1090 3507 1197 3580 hene-

567 3614 676 3684 dietus
684 3612 850 3683 Dominus
862 3619 982 3681 noster
991 3608 1090 3682 lesus
1099 3607 1196 3679 Chri-

567 3726 652 3802 stus,
674 3717 731 3808 qui
751 3715 847 3783 venit
867 3734 888 3781 e
907 3712 1035 3797 coelis,
1056 3722 1094 3781 ut
1113 3727 1191 3778 eou-

567 3824 774 3903 uersaretur,
786 3817 822 3884 in
840 3815 960 3903 terris}
982 3834 1065 3883 earo
1086 3810 1197 3881 factus

568 3930 632 4006 est,
653 3928 690 3989 ut
702 3917 869 3988 habitaret
880 3917 916 4009 in
929 3914 1028 3984 uobis
1043 3910 1197 3983 Christus

568 4021 736 4089 Dominus
756 4041 797 4089 aa
811 4017 1011 4109 redemptor
1032 4022 1193 4085 aeternus
