3046 4942
657 321 733 393 tat

10 500 196 609 Abomini,
214 500 358 595 fragiles
379 502 505 577 solidet
524 502 761 599 invalidasque
780 503 973 595 confirmet,
996 509 1123 602 pietate
1145 512 1287 605 allevet,
1309 523 1345 586 et

28 602 169 679 'mantes
189 615 301 698 regat,
323 605 398 679 vias
416 604 549 697 dirigat,
571 608 798 698 cogitationes
814 618 950 682 sanctas
966 612 1129 702 instituat,
1148 624 1244 689 aetus
1262 639 1343 712 pro-

32 706 107 799 bat,
134 730 241 803 opera
262 706 428 803 perficiat,
449 709 589 779 caritate
610 708 777 800 aedilicet,
804 713 969 805 supientia
988 712 1165 806 illuminet,
1188 721 1343 791 castitate

32 813 178 899 inaniat,
200 812 342 882 scientia
362 812 517 897 instruat,
540 808 606 880 lide
627 810 748 901 linnet,
770 814 805 883 in
827 815 952 885 virtute
974 816 1185 911 multiplicet,
1208 822 1242 890 in
1265 842 1342 892 san·

34 913 351 1001 adamantina,
385 912 427 984 ad
452 914 646 1007 patientiam
671 924 872 1010 praeparet,
897 915 943 987 ad
969 916 1194 991 obedientiam
1219 922 1343 996 subdat

36 1016 172 1095 sobrias
191 1024 352 1111 protegat
374 1025 409 1086 et
428 1014 568 1111 pudicas
588 1016 623 1085 in
644 1014 834 1088 infirmitate
851 1018 978 1108 visitet,
1000 1021 1035 1091 in
1053 1019 1176 1095 doloro
1193 1024 1340 1114 relevet,

36 1112 67 1191 h
93 1122 283 1191 tentatione
309 1116 495 1206 custodiat,
522 1120 556 1188 in
577 1122 804 1213 prosperitate
824 1129 1004 1215 temperat,
1030 1124 1257 1198 iniracundia
1278 1131 1340 1201 nri·

35 1224 133 1317 liget,
151 1224 186 1292 in
202 1222 378 1316 iniquitate
397 1219 567 1307 emundet,
584 1219 736 1292 infundat
753 1224 909 1315 gratiam,
924 1226 1073 1298 remittat
1086 1227 1263 1319 ollensam,
1282 1235 1341 1303 tri·

33 1318 117 1399 luat
141 1322 362 1421 disciplinam
421 1321 466 1394 Ut
490 1321 600 1395 biset
624 1323 789 1397 similibus
815 1324 996 1403 virtutibus
1022 1326 1130 1401 fultae
1155 1341 1190 1402 et
1215 1336 1340 1406 sanctis

30 1426 200 1527 operibus
221 1426 422 1515 illustratae,
448 1424 508 1497 illa
532 1446 669 1520 semper
694 1425 858 1499 studeatis
884 1450 1002 1521 agere,
1027 1452 1115 1525 quae
1137 1431 1239 1525 digna
1260 1434 1340 1508 liant
1391 1514 1394 1521 ,

25 1531 319 1603 remuneratione.
363 1527 462 1599 Illum
487 1526 638 1600 babeatis
661 1537 794 1618 testem,
823 1551 923 1624 quem
949 1530 1126 1603 habiturae
1153 1541 1236 1609 estis
1254 1537 1341 1609 iudi-

18 1654 122 1723 cem,
146 1642 183 1704 at
203 1651 269 1704 vos
291 1632 424 1726 aptatis,
446 1641 483 1702 ut
501 1630 773 1725 praefulgentem
793 1634 936 1724 gestetis
958 1635 992 1703 in
1013 1655 1114 1705 manu
1136 1637 1339 1734 lampadem,

14 1736 221 1809 intraturae
241 1736 360 1828 sponsi
384 1732 575 1821 thalamum,
599 1734 786 1807 occurratis
809 1756 885 1804 cum
907 1734 1032 1827 gaudio
1060 1746 1095 1808 at
1116 1738 1253 1817 nihilin
1275 1762 1338 1812 uo-

10 1836 82 1915 bis
105 1838 258 1933 reperiat
279 1833 456 1925 foetidum,
482 1834 565 1906 nihil
589 1834 776 1925 sordidum,
799 1834 882 1907 nihil
903 1838 1088 1933 occultum,
1112 1840 1194 1912 nihil
1220 1865 1338 1913 corru-

10 1952 143 2039 ptum,
162 1937 246 2011 nihil
264 1936 491 2027 inhonestum,
511 1936 573 2009 sed
591 1939 711 2009 niveas
730 1948 764 2009 et
781 1936 942 2011 candidas
963 1942 1104 2031 animas,
1123 1965 1338 2040 corporaque

10 2041 151 2117 lucida
172 2051 271 2135 atque
294 2039 483 2136 splendida,
504 2048 540 2110 ut
562 2060 639 2110 cum
660 2039 720 2110 illc
743 2039 815 2113 dies
837 2042 1033 2117 tremendus
1054 2049 1338 2120 remunerationis

11 2150 215 2233 iustorum,
230 2142 527 2239 retributionisque
545 2140 713 2214 malorum
730 2141 921 2233 advenerit,
941 2166 1010 2216 non
1027 2148 1177 2220 inveniat
1191 2152 1225 2219 in
1236 2150 1338 2222 vobis

19 2248 141 2337 ultrix
157 2244 303 2336 humma,
321 2245 412 2341 quod
432 2256 519 2333 urat,
538 2244 601 2318 sed
619 2242 732 2316 divina
748 2247 871 2341 pietas,
889 2245 981 2341 quod
999 2262 1156 2340 coronet,
1175 2274 1258 2346 quas
1272 2254 1339 2323 iam

23 2354 64 2425 in
88 2348 321 2431 hoesaeculo
345 2350 562 2421 conversatio
584 2346 748 2439 religiosa
769 2348 963 2437 mundavit,
990 2358 1027 2419 ut
1048 2350 1090 2422 ad
1111 2352 1258 2424 tribunal
1280 2376 1338 2425 ae-

25 2452 121 2527 terni
139 2454 235 2547 regis
252 2472 471 2537 ascensurae,
493 2448 654 2543 celsaque
673 2450 811 2544 palatia,
831 2471 908 2520 caan
926 2448 1045 2521 iisdem
1064 2457 1262 2525 mereamini
1279 2454 1337 2525 ha-

26 2554 117 2627 bere
134 2556 395 2651 protectionem,
412 2554 468 2649 qui
482 2561 668 2647 sequuntur
680 2549 820 2645 Agrum
834 2560 868 2623 et
881 2561 1016 2622 cantant
1028 2556 1194 2627 canticum
1209 2578 1337 2627 novum

28 2660 106 2733 sine
121 2658 327 2746 cessatione,
341 2656 411 2727 illic
424 2663 650 2751 percepturae
663 2656 849 2749 praemium
861 2664 940 2751 post
952 2653 1118 2745 lahorem,
1133 2680 1336 2754 semperque

29 2762 197 2833 maneatis
218 2761 458 2832 innitentium
480 2760 633 2851 regione.
671 2756 786 2852 Atque
808 2759 882 2854 ipsc
902 2755 1083 2831 benedicat
1104 2782 1169 2833 vos
1191 2760 1233 2832 de
1257 2783 1336 2832 eoe-

29 2860 88 2953 lis,
115 2862 173 2959 qui
190 2882 253 2959 par
278 2863 390 2933 crucis
411 2863 606 2956 passionem
628 2859 807 2931 humanum
831 2881 939 2951 genus
961 2869 1013 2931 est
1039 2860 1196 2955 dignatus
1216 2863 1337 2934 venire

30 2962 66 3061 ip
93 2964 196 3055 terris
221 2962 408 3050 redimere,
435 2960 531 3034 lesus
555 2958 708 3037 Christus
733 2960 900 3034 Dominus
926 2972 1064 3047 noster,
1092 2968 1148 3060 qui
1175 2987 1253 3036 eum
1279 2988 1337 3037 ae-

31 3064 132 3155 terno
155 3062 257 3139 Patre
284 3076 320 3138 et
342 3064 468 3162 Spiritu
491 3062 618 3136 Sancto
648 3066 683 3136 in
713 3065 840 3135 unitate
867 3062 1020 3160 perlecta
1045 3067 1132 3139 vivit
1158 3078 1193 3139 et
1214 3076 1338 3163 regnat

31 3157 128 3243 Deus
150 3160 342 3243 insaecula
363 3167 588 3242 saeculorum.
636 3170 679 3261 Pp.
702 3166 824 3238 Amen.

131 3330 401 3401 DeindePontiiex
414 3336 522 3400 sedens
536 3355 600 3399 cum
614 3336 709 3413 mitra,
723 3335 839 3416 publica
853 3352 929 3396 voce
943 3332 1094 3396 anathema
1109 3336 1204 3416 ponit,
1219 3352 1259 3398 na
1272 3339 1336 3418 quis

28 3454 78 3505 tas
91 3456 112 3503 a
125 3438 227 3503 divino
238 3440 363 3503 servitio
377 3458 452 3522 quae
465 3440 577 3501 vexillo
595 3439 735 3501 castitatis
748 3437 899 3499 subiectae
912 3447 997 3515 sunt,
1018 3437 1158 3517 abducat,
1177 3438 1274 3501 nullus
1289 3452 1336 3500 ea·

23 3555 89 3607 rum
105 3542 186 3605 bona
198 3542 353 3623 suscipiat,
367 3543 420 3604 sed
434 3560 470 3605 ea
484 3562 548 3605 cum
563 3544 663 3623 quieta
675 3540 847 3622 possideant
860 3542 888 3601 in
904 3540 978 3601 hanc
992 3541 1129 3603 formam:

131 3674 350 3746 Auctoritata
372 3676 610 3770 omnipotentis
628 3672 693 3743 Dei
715 3683 749 3744 et
769 3672 947 3745 beatorum
964 3672 1058 3745 Petri
1074 3684 1110 3744 et
1127 3670 1223 3744 Pauli
1239 3668 1335 3763 Apo-

10 3779 198 3854 stolorum
216 3778 304 3865 eius,
322 3774 462 3848 firmiter
479 3788 514 3848 et
531 3775 594 3851 sub
611 3778 881 3847 interminatione
899 3776 1119 3848 anathematis
1133 3772 1335 3859 inhibemuS,

10 3892 64 3955 ue
90 3880 172 3975 quis
191 3889 392 3974 praesentes
412 3882 584 3971 virgines,
615 3902 677 3952 sen
700 3881 974 3952 sanctimoniales
996 3901 1015 3947 a
1042 3877 1157 3949 divino
1178 3876 1333 3957 servitio,

10 3986 77 4059 eni
101 3980 169 4055 sub
185 3980 319 4053 vexillo
338 3984 501 4053 castitatis
516 3982 689 4054 subiectae
702 3990 793 4067 sunt,
811 3982 967 4069 abducat,
986 3980 1099 4050 nullus
1114 3998 1230 4047 earum
1245 3977 1334 4047 hona

10 4087 191 4180 surripiat
210 4082 272 4157 sed
296 4107 337 4155 ea
364 4106 440 4155 eum
465 4088 578 4179 quiete
599 4084 805 4180 possideant.
850 4084 887 4155 si
908 4085 982 4177 quis
1005 4091 1116 4152 autem
1139 4080 1205 4152 hoc
1227 4089 1334 4149 atten-

10 4192 104 4263 tare
125 4189 382 4282 praesumserit,
404 4188 604 4259 maledictus
625 4189 718 4259 sitin
738 4185 839 4257 domo
859 4195 893 4257 et
912 4195 1008 4256 extra
1028 4184 1176 4269 domum,
1194 4181 1334 4252 maledi-

10 4304 105 4366 ctus
138 4291 173 4360 in
205 4291 342 4361 civitate
370 4292 466 4361 etin
492 4312 596 4383 agro,
628 4288 828 4359 maledictus
855 4288 1031 4380 vigilando
1055 4295 1092 4355 et
1118 4285 1332 4372 dormiendo,

10 4391 231 4467 maledictus
258 4386 504 4464 manducando'
523 4402 558 4464 et
575 4390 742 4479 bibendo,
770 4389 970 4461 maledictus
992 4387 1196 4460 ambulando
1219 4399 1253 4459 et
1279 4410 1334 4462 se·

10 4493 164 4579 dendo,
196 4494 374 4566 maledicta
401 4496 467 4566 sint
492 4516 574 4566 caro
602 4497 675 4567 eius
698 4503 733 4564 et
763 4514 841 4567 ossa
863 4502 898 4564 et
923 4492 1079 4587 optanta
1104 4491 1203 4587 pedis
1223 4513 1332 4586 usque

10 4598 64 4673 ad
89 4597 260 4671 uerticem
278 4616 349 4669 non
369 4595 493 4669 babeat
514 4599 700 4671 sanitatem.
744 4593 869 4668 Veniat
893 4617 996 4692 super
1018 4595 1113 4669 illum
1138 4594 1332 4667 maledictio
