3046 4942
731 268 842 371 nee

109 492 198 557 nibne
213 493 307 574 ipenm
323 493 524 570 tangentibus,
539 492 654 554 dicens:
676 485 834 580 Accipite
858 482 980 555 librum
999 490 1036 553 ut
1056 484 1222 578 incipiaiis
1242 483 1345 558 horas
1363 509 1416 557 ca-

107 587 252 659 nonicas
275 595 311 677 et
328 585 452 680 legetis
474 584 623 658 officium
646 587 680 655 in
696 584 864 660 Ecclesia.
902 585 1093 657 innomine
1112 583 1266 679 Pn†tris
1285 598 1320 659 et
1337 587 1416 679 Fi†

109 690 146 763 lid
166 698 203 762 ei
223 683 370 784 Spiritus
392 685 423 778 ἰ·
447 688 573 759 Sancti.
615 692 657 778 Bt
681 686 802 759 Amen.
848 698 949 776 Surgit
964 695 1118 774 Pontifex,
1139 699 1223 759 mitre
1237 697 1372 779 deponite
1386 711 1416 762 et

110 818 275 864 conversos
292 799 328 861 ed
343 800 436 862 altere
450 801 553 881 incipit
566 801 702 877 hymnum
717 790 767 861 'l'e
781 789 892 861 Deum
905 790 1099 878 laudamine,
1121 818 1206 880 quem
1222 797 1335 873 (dhonne
1350 820 1414 884 pro·

110 904 244 985 equitur
265 921 358 983 noque
378 903 413 963 ed
436 904 522 963 finem
543 911 573 963 et
597 919 632 962 eo
656 903 737 963 iinito
758 902 832 963 dnae
854 922 892 963 ex
906 900 1004 963 chono
1019 901 1132 964 dieunt:
1149 892 1329 977 *Confirmet
1351 894 1416 967 hoc

110 996 220 1083 Dens,
240 995 330 1092 qnod
355 1007 515 1092 operatus
536 1016 574 1066 es
592 997 626 1064 in
645 994 752 1069 nobis.
789 1004 980 1085 Respondeat
994 1002 1123 1064 chonon:
1142 994 1176 1066 A
1195 998 1320 1092 templo
1339 1019 1414 1070 san·

110 1108 168 1173 oio
195 1108 275 1188 tw,
306 1097 471 1193 (modest
492 1101 526 1169 in
546 1095 741 1169 Ierusalem.
784 1106 823 1168 Et
844 1107 982 1168 Pontifex
1001 1115 1081 1167 etone
1101 1107 1131 1168 in
1152 1125 1243 1168 como
1263 1107 1414 1187 Epistoiee

110 1210 223 1287 altario,
236 1227 398 1271 eonverons
413 1209 565 1287 adnitere,
581 1227 619 1269 ex
631 1209 709 1270 libro
724 1208 832 1270 ibidem
845 1228 935 1291 snper
947 1209 1030 1270 elteri
1044 1209 1143 1288 ponito
1153 1210 1235 1272 dicit:
1248 1199 1416 1273 Actiones

108 1314 247 1378 nostres
266 1324 470 1399 quaesumus
488 1301 633 1373 Domine
651 1302 831 1399 aspirando
852 1303 1017 1398 praeveni
1035 1310 1069 1372 et
1087 1301 1280 1374 adiuvando
1296 1325 1416 1398 prose-

108 1427 231 1503 quere,
252 1415 290 1478 nt
308 1414 429 1476 ennete
450 1416 567 1478 nostra
589 1406 698 1476 oratio
720 1414 754 1475 et
773 1409 927 1499 operatio
951 1427 970 1475 a
991 1415 1025 1475 te
1050 1426 1185 1502 semper
1211 1407 1360 1502 incipiet,
1383 1417 1413 1476 et

107 1530 172 1606 per
196 1516 232 1580 te
257 1517 380 1603 coepte
407 1507 550 1581 finietur.
599 1507 666 1579 Per
689 1505 766 1578 Chr.

211 1619 358 1681 Poethoeo
377 1619 517 1698 Virgines
539 1627 729 1682 ooneeorotee
755 1627 942 1679 revertuntur
962 1616 998 1678 ed
1018 1626 1131 1697 portem
1154 1619 1340 1695 monosterii,
1367 1618 1414 1679 ubi

106 1720 248 1785 Pontidex
268 1739 433 1784 eneconem
455 1742 489 1784 ee
509 1720 682 1800 genuflexos
706 1729 875 1799 pneeeentet
892 1718 1067 1781 Abbatieone
1087 1718 1223 1779 similiter
1239 1719 1416 1796 genndexoe

106 1823 226 1887 didone:
251 1812 341 1886 Vide
368 1815 539 1911 quomodo
562 1818 644 1887 istas
665 1823 883 1889 consecratos
906 1811 994 1900 Dee,
1017 1833 1138 1886 serves
1160 1821 1195 1882 et
1213 1802 1414 1907 repraesen-

105 1928 161 1994 teo
179 1918 431 1991 immaculatas:
464 1916 639 1990 redditum
664 1939 728 2013 pro
756 1918 805 1987 eis
827 1918 993 1987 rationem
1020 1923 1098 1985 onte
1123 1912 1270 1986 tribunal
1297 1916 1414 2008 sponsi

107 2042 230 2092 earum
247 2023 383 2092 venturi
408 2021 537 2094 iudicis.
583 2027 655 2089 Tum
668 2027 806 2090 Pontifex
825 2027 903 2089 redit
922 2026 958 2088 ad
972 2026 1134 2089 Eooleeiem
1153 2025 1269 2088 dioene.
1297 2014 1412 2088 Domi-

107 2143 176 2194 nus
200 2120 386 2197 vobiscum.
430 2121 564 2195 Initium
592 2125 699 2193 sancti
718 2120 851 2214 Eveng.
881 2142 949 2192 seo.
973 2118 1143 2193 loannem.
1188 2116 1227 2189 ln
1245 2120 1411 2214 principio

105 2243 165 2297 ete
203 2234 242 2297 tit
255 2237 347 2297 noerio
360 2237 492 2298 vestibus
505 2235 649 2315 depositio
663 2235 743 2296 vadit
758 2233 787 2294 in
802 2252 884 2313 poce.
