3046 4942
724 259 801 331 284

107 445 222 545 runt¹)
254 447 388 520 ieiuniis
417 452 455 516 ut
481 442 667 515 animarum
685 446 900 538 reciperent,
929 462 1030 538 quam
1051 437 1277 538 perdiderunt
1301 440 1411 514 mnia

31 590 34 595 ·
107 547 229 646 tem.²)
270 548 414 619 Unicum
436 547 550 637 itaque
574 553 627 615 est
646 546 877 640 poenitentiae
899 544 1111 637 suffragium,
1134 543 1228 639 qurod
1251 553 1288 616 et
1309 545 1411 639 singu

107 653 150 725 lis
175 650 318 749 prodest
344 658 379 718 et
402 644 558 718 omnibus
577 647 613 715 iu
639 666 819 718 commune
845 648 1024 719 succurrit.
1034 643 1067 742 ⁸)

208 759 261 821 llis
281 759 367 822 dictis
381 758 414 819 P.
436 774 564 835 surgens
584 757 699 818 accedit
718 775 782 818 cuna
802 757 943 820 ministris
962 758 999 819 ad
1017 758 1125 821 ostium
1138 754 1290 819 eeclesiae
1303 753 1411 817 elerico

106 881 170 922 rum
191 862 284 923 eboro
304 880 338 922 se
359 877 418 920 nou
438 867 588 921 movente.
623 857 660 918 Et
684 867 765 921 stans
786 860 816 920 in
841 859 939 921 medio
963 860 1049 937 ostii,
1072 859 1144 920 iaeit
1162 860 1207 920 eis
1231 857 1353 919 brcrssu
1370 874 1410 919 ex·

107 964 305 1025 hortationem
320 961 357 1023 de
370 961 526 1023 clementia
540 959 638 1021 diviua
653 969 683 1021 et
697 960 734 1023 de
747 948 853 1023 veniae
868 961 1085 1042 promissione,
1099 960 1202 1023 dicens
1217 961 1283 1035 eis,
1301 957 1410 1039 qualiter

105 1083 176 1127 mox
197 1065 227 1125 in
252 1063 409 1125 ecclesiam
424 1062 603 1124 reducentur
616 1071 646 1123 et
659 1063 786 1142 qualiter
796 1064 900 1124 vivero
914 1062 1033 1125 debent.
1076 1063 1142 1138 Quo
1155 1062 1239 1123 iacto
1254 1069 1351 1123 mutat
1363 1059 1408 1149 dn·

106 1165 273 1249 tiphonem:
301 1153 446 1243 Venite,
465 1152 609 1243 Venite,
630 1152 755 1226 Venite
774 1153 854 1242 lilii,
879 1154 1007 1245 audite,
1027 1157 1185 1227 timorem
1205 1152 1345 1225 Domini
1361 1146 1407 1223 do

107 1258 195 1331 cebo
210 1279 286 1330 voa.
309 1267 372 1341 Qua
386 1264 463 1327 dicta
477 1265 627 1327 Diaconos
641 1284 679 1327 ex
693 1275 777 1368 parte
793 1268 1006 1346 poenitentium
1021 1275 1101 1328 stans
1113 1265 1186 1326 dicit
1197 1280 1257 1344 pre
1271 1265 1332 1324 eis:
1344 1250 1407 1325 fla·

107 1369 238 1431 ciamus
265 1378 387 1449 genua.
428 1365 510 1425 Tunc
529 1384 632 1425 omues
652 1366 856 1441 genuflectunt
878 1368 1079 1431 Poenitentes.
1115 1365 1153 1428 at
1174 1367 1222 1427 bis
1245 1366 1278 1427 Ρ.
1298 1364 1404 1446 repetit:

106 1458 231 1531 Venite
249 1468 313 1529 eia.
329 1475 359 1527 et
373 1464 419 1527 bis
437 1465 640 1540 Paenitentes,
656 1464 776 1526 iubente
790 1468 915 1529 Diaconi
930 1468 1134 1542 genuflectunt
1148 1485 1184 1526 ao
1197 1475 1334 1545 surgunt

210 1567 326 1629 Deinde
339 1567 371 1629 P.
392 1564 559 1649 ingreditur
579 1565 736 1629 ecclesiam
749 1575 830 1628 stans
844 1567 920 1633 ialra
937 1565 1061 1642 ostium,
1083 1565 1194 1629 distaru
1208 1567 1247 1629 ab
1263 1567 1316 1629 ilio
1328 1567 1402 1648 spatio
1443 1619 1446 1629 .

107 1671 297 1734 convenienti
319 1678 349 1730 et
368 1678 438 1736 tuno
451 1666 685 1730 drobidiaconus
706 1667 826 1731 inchoat
846 1676 876 1729 et
888 1666 991 1730 ecbola
1005 1668 1196 1749 prosequitur
1210 1668 1402 1750 Autipitonar:
1443 1668 1446 1749 ξ

106 1762 276 1836 Accedite
296 1760 338 1832 ad
356 1783 434 1833 eum
456 1770 491 1833 et
508 1759 743 1833 illuminamini
757 1769 791 1834 et
803 1759 911 1834 iacies
924 1769 1065 1833 vestrae
1077 1781 1148 1833 noo
1161 1760 1400 1835 conlaudentu.

106 1865 263 1939 Psalmus
284 1866 344 1936 33.
386 1861 593 1935 benedicam
617 1873 680 1934 eto.
735 1871 798 1948 Qua
822 1871 941 1953 incepta
959 1889 1030 1933 mox
1043 1871 1236 1935 Paenitentes
1254 1870 1401 1953 ingrediar

106 1985 152 2038 tes
164 1976 240 2036 inira
254 1976 361 2035 ostium
376 1974 537 2043 eeclesiae,
551 1982 691 2035 corruunt
704 1972 740 2033 ad
753 1973 848 2053 pedes
861 1972 1012 2035 Pontidcis
1026 1974 1128 2053 sicque
1142 1975 1285 2053 prostrati
1298 1992 1333 2035 rc
1348 1972 1401 2033 der

106 2086 154 2138 tes
173 2079 272 2137 iacent
284 2074 383 2137 donec
395 2075 556 2154 praemissa
570 2074 740 2155 Antiphona
759 2083 789 2135 et
802 2075 934 2136 Psalmns
953 2073 1164 2155 compleantur.
1192 2075 1308 2150 Quibus
1321 2073 1399 2155 exple
1443 2150 1445 2165 Ι

106 2180 144 2240 tis
159 2175 409 2258 drobipresbyter
422 2174 495 2236 dicit
507 2177 536 2237 in
550 2183 622 2236 tono
636 2173 801 2238 Lectionis:
820 2166 1032 2261 Redintegra
1051 2169 1086 2239 ln
1104 2169 1155 2239 eis
1162 2163 1198 2263 4)
1221 2166 1399 2263 Apostoli&
1442 2168 1445 2229 ἶ

106 2270 143 2342 Ρ.
172 2269 335 2366 quidquid
361 2267 499 2341 diabolo
525 2265 733 2366 suadente⁶)
759 2279 959 2365 corruptum
981 2279 1050 2342 est:
1074 2277 1109 2340 et
1131 2272 1324 2341 orationum
1344 2279 1399 2340 tra

105 2393 182 2442 rum
207 2371 497 2468 patrocinantibus
524 2372 676 2460 meritis,
707 2392 771 2466 per
802 2370 939 2443 divinae
965 2372 1258 2445 reconciliationis
1280 2370 1399 2465 gratian

1 2531 5 2538 .
106 2472 163 2544 lac
191 2472 346 2547 homines
366 2471 586 2570 proximos⁰)
604 2472 690 2544 Deo.
721 2471 765 2544 Ut
788 2476 846 2568 qui
867 2482 968 2545 antea
988 2475 1024 2543 ln
1042 2474 1113 2546 suis
1134 2472 1400 2570 sibiperversltu·

106 2574 196 2646 tibus
220 2574 457 2669 displicebant,
467 2573 501 2672 7)
521 2597 611 2645 nuno
633 2577 733 2645 etiam
755 2575 897 2670 placere
919 2597 958 2649 se
972 2572 1119 2646 llbmino
1143 2577 1179 2646 in
1204 2574 1344 2669 samone
1361 2571 1400 2641 ui·

106 2696 231 2746 vorum
254 2675 393 2744 devieto
401 2673 436 2768 ⁸)
460 2678 579 2747 mortis
600 2696 685 2746 suae
711 2680 854 2746 auctore
874 2678 1097 2769 gratulentur.
1107 2672 1142 2773 ⁹)

209 2781 292 2842 Eri.
306 2784 487 2859 interrogat:
513 2772 590 2844 Scis
618 2773 698 2847 illos
723 2778 1007 2851 reconciliatione
1026 2776 1103 2851 iore
1131 2774 1279 2873 dignosl
1313 2781 1403 2857 Erite

106 2883 284 2962 respondet:
311 2871 393 2945 Scio
416 2884 451 2944 el
473 2873 636 2947 testificor
656 2874 734 2947 fore
753 2875 885 2971 (lignos.
930 2888 967 2951 lit
980 2899 1049 2951 tunc
1062 2899 1159 2951 autem
1174 2890 1320 2950 Diaconos
1333 2885 1400 2948 dicit:

105 2973 246 3045 bevaie.
288 2984 401 3060 Quibus
423 2985 615 3064 surgentibus
634 2986 665 3047 Ρ.
690 2989 797 3069 accipit
814 3009 902 3051 unum
921 3010 960 3054 ex
980 2991 1039 3052 illis
1059 3010 1115 3075 per
1134 3008 1266 3067 manum,
1287 2987 1400 3053 omnibu

106 3083 172 3147 aliis
192 3105 225 3146 se
246 3086 383 3147 similiter
401 3087 437 3149 ad
456 3106 569 3149 manum
592 3090 772 3151 tenentibus.
804 3091 1151 3174 'luncllrebipresbyter
1173 3092 1245 3154 dicit
1260 3092 1400 3154 alnvooe:

105 3175 304 3272 iniquitates
330 3201 426 3254 meas
456 3202 524 3275 ego
552 3203 728 3274 cognosco
755 3186 797 3274 lp.
825 3182 870 3255 Et
889 3193 1068 3281 peceatum
1087 3184 1206 3257 meunl
1224 3194 1342 3257 eontra
1359 3200 1401 3253 na

106 3286 160 3352 est
186 3300 331 3374 semper.
384 3283 519 3354 Averte
553 3283 677 3353 faciem
710 3291 802 3355 tuam
828 3308 848 3356 a
875 3288 1026 3382 peccatis
1051 3289 1136 3360 meis
1163 3286 1204 3358 it.
1236 3285 1281 3359 Et
1304 3300 1402 3359 omnes

104 3382 298 3474 iniquitates
325 3404 418 3455 meas
447 3384 534 3456 dele.
588 3382 711 3455 Redde
737 3386 819 3457 mihi
853 3388 1014 3460 laetitiam
1042 3389 1201 3462 salutaris
1231 3391 1282 3461 tui
1308 3381 1403 3483 liubi

104 3485 226 3581 spiritu
247 3484 427 3579 principali
453 3485 615 3557 conlirmu
639 3507 703 3556 me.

198 3592 264 3668 Quo
279 3593 358 3656 dicto
369 3595 401 3656 Ρ.
416 3596 534 3658 incboat
548 3595 650 3658 schola
668 3607 871 3679 prosequente
879 3598 1092 3681 dntipbonam:
1106 3589 1194 3663 Dico
1209 3590 1326 3681 vobit,
1338 3608 1401 3685 guti-

168 3751 200 3831 1)
215 3752 275 3813 dcl.
291 3755 738 3818 manducavit—stratum
753 3759 940 3830 rigavit—
957 3763 1113 3821 alilixit.
1135 3759 1167 3836 2)
1182 3761 1405 3827 animaesuaa

106 3840 635 3912 reciperetquumperdiderut.
662 3840 693 3919 d)
706 3846 846 3902 succurrit
871 3840 1406 3920 iticergodumadpoenitodiuisacio

106 3938 167 3978 nem
180 3925 263 3980 tantis
274 3924 408 3980 excitatur
420 3927 561 3997 exemplis,
574 3926 623 3983 sub
635 3937 784 4000 conspectu
795 3929 1000 4000 ingemiscentis
1012 3931 1157 4001 ecciesiae,
1170 3931 1339 3988 venerabilis
1348 3928 1405 3986 lor·

105 4003 187 4076 tifex,
206 4014 374 4078 protestatur
388 4015 417 4065 et
431 4008 509 4065 dicit:
529 4009 689 4082 Iniquitates
700 4029 774 4070 meas
786 4029 840 4084 ago
856 4029 979 4084 agnosco
994 4023 1023 4072 et
1033 4014 1161 4072 (lebetum
1172 4032 1261 4075 measa
1273 4022 1364 4072 conus
1373 4025 1406 4065 nt

105 4094 149 4145 est
158 4104 274 4162 semper.
299 4093 403 4151 daem
414 4093 512 4150 laoiem
522 4101 609 4164 mam,
623 4096 755 4168 bomine,
768 4114 784 4154 a
795 4098 916 4169 peccatis
927 4099 1004 4169 meis,
1016 4100 1130 4157 beurim
1144 4107 1173 4156 et
1184 4114 1283 4161 omos
1296 4095 1406 4171 iniquita·

103 4176 148 4229 tas
167 4190 242 4232 meas
259 4176 331 4234 dele.
362 4177 457 4236 iledde
476 4179 540 4236 niti
560 4180 691 4237 laetitiam
710 4181 835 4242 salutaris
852 4182 890 4238 tui
911 4189 940 4238 et
956 4184 1053 4257 spirito
1067 4184 1212 4259 principaii
1227 4185 1404 4241 mannans

104 4254 164 4320 Quo
175 4256 212 4313 ita
223 4262 392 4331 supplicante
402 4271 431 4321 et
442 4263 657 4322 misericordium
665 4265 714 4321 oei
726 4266 829 4323 aiilioto
841 4265 925 4323 eorde
935 4276 1077 4340 poscente,
1086 4268 1247 4339 redintegra
1255 4276 1309 4330 etc.
1324 4263 1352 4340 d)
1360 4261 1405 4320 oet

104 4335 137 4392 in
158 4355 207 4396 eo.
243 4336 274 4412 5)
293 4346 488 4406 scindente.
522 4345 552 4423 6)
570 4351 740 4405 bominem
761 4351 964 4421 proximum.
991 4348 1067 4426 i)in
1088 4353 1165 4409 suis
1182 4350 1402 4428 displiceant

103 4412 135 4491 8)
160 4437 232 4478 eum
252 4425 413 4485 deviato.
441 4431 473 4506 9)
491 4434 549 4493 liei.
565 4434 631 4490 Post
649 4435 704 4488 boo
722 4432 880 4491 admonetur
894 4437 928 4492 ab
938 4436 1068 4510 Episcopi
1085 4438 1144 4494 sive
1159 4430 1402 4498 enumerasti

102 4502 177 4576 quod
191 4508 356 4575 poenitendo
371 4510 458 4582 diluit,
468 4516 593 4574 iterando
608 4533 663 4575 uon
678 4524 802 4574 revocet.
