3046 4942
46 522 99 587 vel
118 522 153 585 ed
173 539 265 585 cornu
279 519 434 603 Epistulae
453 522 582 603 positas:
602 532 634 586 at
653 525 719 605 lpse
738 522 848 585 ibidem
869 530 951 584 stans
966 534 1072 582 versus
1085 515 1122 580 ad
1136 519 1228 585 altura
1241 520 1313 584 dicit
1327 521 1359 584 in

47 633 124 689 tono
137 625 285 688 Orationis
298 624 407 687 illesas
418 623 545 687 ferialis:

152 718 320 792 Dominus
339 717 528 791 vobiscum.
569 722 613 810 ib.
635 717 681 793 Et
701 740 779 790 cnm
799 716 928 814 Spiritu
947 726 1016 790 tuo.

155 819 310 893 Oremus.
358 819 504 892 Domine
534 830 675 909 sancte,
709 821 812 894 Pater
844 822 1058 915 omnipotens
1089 815 1362 907 aestuemus,

49 926 109 1018 qni
137 926 249 995 omnia
269 946 316 995 ex
337 922 443 994 nihilo
464 927 589 996 creasti
611 934 645 996 et
667 928 761 998 iussu
781 934 841 997 tuo
861 947 923 1020 per
944 943 1051 1019 opera
1073 941 1187 1016 epum,
1209 920 1300 992 buno
1322 918 1361 991 li·

49 1046 194 1121 quorem
222 1024 264 1095 ed
289 1024 535 1120 perfectionem
557 1032 652 1100 cerei
676 1030 798 1101 venire
822 1026 952 1099 iecisti:
980 1032 1015 1096 et
1041 1025 1099 1118 qui
1120 1022 1286 1095 hodierna
1306 1021 1362 1093 die

47 1131 248 1225 petitionem
268 1129 346 1199 iusti
368 1127 537 1201 Simeonis
558 1130 727 1226 implestis
747 1139 782 1203 te
800 1125 972 1201 humiliter
990 1127 1228 1222 deprecamur„
1246 1134 1283 1196 ut
1300 1123 1362 1197 has

48 1230 213 1303 candelas
247 1230 289 1301 ad
321 1252 404 1303 usus
430 1230 602 1304 bominum
628 1244 663 1307 et
687 1235 865 1306 sanitatem
891 1251 1075 1329 corporum
1100 1232 1361 1315 sterlinorum,

49 1334 127 1407 sive
155 1335 189 1403 in
220 1342 330 1421 terra,
358 1336 435 1405 sive
461 1335 494 1404 in
517 1337 614 1429 aquis
639 1358 702 1432 per
726 1337 979 1407 invenationem
1000 1334 1050 1405 tui
1072 1333 1275 1405 sanctissimi
1300 1351 1362 1401 nc·

48 1437 149 1507 minis
172 1445 206 1506 et
231 1458 294 1531 per
316 1438 599 1510 intercessionem
622 1438 745 1511 beatae
766 1435 896 1509 Mariae
917 1456 1054 1531 semper
1079 1436 1237 1527 virginis,
1263 1435 1361 1506 cuins

50 1537 153 1611 bodie
179 1536 266 1609 leste
294 1536 420 1608 devote
447 1537 666 1612 celebrentur
692 1549 726 1611 et
752 1561 814 1634 per
840 1560 964 1633 preces
988 1539 1139 1609 omnium
1157 1535 1361 1609 Sanctorum

48 1650 186 1712 tuorum
205 1637 457 1730 bene†dicere
474 1648 510 1712 et
528 1641 674 1734 ειιιιοιίιι
685 1640 788 1712 licaro
807 1638 958 1732 digneris
976 1648 1010 1710 et
1027 1637 1127 1708 buius
1141 1636 1253 1732 plebis
1268 1647 1361 1724 tuae,

48 1761 140 1837 quae
162 1740 238 1813 illas
260 1739 450 1813 honorilice
471 1742 683 1817 inmanibus
704 1740 877 1815 desiderat
896 1751 1048 1837 portem,
1068 1748 1173 1832 teque
1195 1736 1363 1809 cautando

49 1842 213 1932 laudare,
235 1841 400 1915 exaudies
421 1864 530 1919 voces
556 1842 611 1915 de¹
626 1845 728 1918 coelo
749 1853 869 1918 sancto
890 1853 951 1916 tuo
975 1851 1009 1914 et
1036 1841 1080 1914 de
1100 1838 1185 1914 sede
1207 1841 1363 1911 maiesta-

49 1949 94 2018 tis
122 1955 200 2017 tuae
221 1953 256 2015 et
275 1947 442 2040 propitius
462 1947 510 2020 sis
533 1946 689 2023 omnibus
712 1946 935 2020 clamantibus
954 1944 997 2015 ad
1019 1954 1073 2034 te,
1107 1962 1194 2038 quos
1216 1940 1363 2015 redemi-

49 2051 95 2123 sti
117 2049 269 2142 pretloso
297 2049 464 2139 sanguine
484 2047 641 2137 libitui,
669 2048 735 2136 Qui
756 2058 868 2121 tecum
892 2050 977 2121 vivit
999 2057 1064 2119 ete.
1104 2045 1228 2117 Amen.

156 2146 309 2223 Oremus.
353 2147 574 2246 Omnipotens
595 2154 801 2247 sempiterne
818 2150 926 2240 Deus,
947 2152 1004 2244 qui
1023 2148 1190 2222 hodierna
1208 2146 1263 2220 die
1282 2144 1363 2219 Uni-

53 2253 204 2346 genitum
235 2261 329 2323 tuum
357 2251 450 2325 ulnis
477 2250 593 2325 Sancti
618 2252 790 2327 Simeonis
814 2256 850 2324 in
874 2252 1002 2347 templo
1028 2262 1148 2326 senoto
1171 2259 1232 2322 tuo
1254 2251 1362 2324 susci·

52 2352 211 2451 piendum
235 2356 482 2449 praesentasti:
508 2364 601 2426 tuam
627 2355 801 2451 supplices
827 2353 1052 2450 deprecamur
1072 2351 1305 2438 clementiam,
1326 2359 1364 2422 ut

52 2457 113 2529 bas
145 2454 325 2544 candelas,
358 2476 444 2550 quas
469 2476 534 2528 nos
563 2456 681 2529 famuli
705 2460 754 2528 tui
779 2458 814 2527 in
840 2459 889 2527 tul
910 2457 1056 2528 nominis
1081 2452 1364 2545 magnificentiam

51 2560 290 2653 suscipientes,
313 2569 453 2649 gestare
475 2561 629 2654 cupimus
649 2557 899 2651 bene†dlcere
920 2567 955 2628 et
978 2553 1235 2648 sancti†licare
1261 2562 1365 2646 atque

50 2661 178 2733 lumine
196 2680 366 2754 supernae
381 2659 630 2737 benedictionis
647 2660 840 2733 accendere
856 2660 1026 2754 digneris:
1046 2667 1213 2753 quatenus
1232 2676 1292 2728 ees
1306 2654 1366 2726 tibi

50 2763 201 2836 Domine
226 2760 304 2834 Deo
329 2772 448 2837 uestro
473 2763 650 2838 offerendo
677 2764 771 2858 digni
797 2774 832 2837 et
856 2765 964 2837 sancti
991 2772 1025 2833 et
1047 2770 1166 2834 sancto
1188 2762 1270 2852 igne
1291 2756 1362 2829 dul-

51 2867 211 2941 cissimae
232 2866 380 2937 caritatis
398 2875 480 2937 tuae
497 2870 667 2956 succensi,
688 2869 723 2939 in
745 2867 874 2963 templo
894 2875 1033 2939 sanctae
1056 2864 1190 2955 gloriae
1209 2872 1290 2933 tuae
1309 2882 1366 2933 re·

47 2965 269 3064 praesentari
293 2986 495 3039 mercemur.
542 2968 612 3041 Per
638 2970 784 3041 eundem
803 2979 868 3041 etc.
904 2969 1027 3039 Amen.
1040 2963 1070 3053 1)

161 3063 317 3138 Oremus.
362 3065 510 3139 Domine
530 3068 610 3143 lesu
633 3070 781 3160 Christe,
806 3069 869 3143 lux
894 3091 993 3155 vera,
1021 3070 1078 3162 qui
1102 3067 1272 3139 illuminas
1294 3087 1366 3138 om-

51 3188 134 3245 nem
157 3166 329 3241 bominem
347 3171 543 3241 venientem
564 3173 600 3241 iu
621 3170 711 3244 bunc
733 3172 911 3243 mundums
942 3169 1078 3241 eliunde
1098 3168 1187 3240 bene
1201 3170 1233 3261 's
1247 3167 1366 3240 dictic-

53 3292 133 3344 nem
162 3280 256 3341 tuam
288 3293 393 3368 super
425 3293 549 3346 cereos
575 3283 610 3346 et
631 3273 849 3368 sanctii-lice
877 3295 939 3345 eos
963 3273 1090 3344 lumine
1115 3274 1247 3364 gratiae
1273 3280 1366 3359 tuae,

55 3385 91 3447 et
112 3371 266 3445 concede
284 3376 468 3471 propitius:
490 3384 528 3447 nt
547 3377 636 3449 sicut
655 3375 741 3447 baec
760 3378 952 3465 luminaria,
973 3378 1053 3468 igne
1067 3372 1194 3447 visibili
1207 3394 1365 3446 accense.

55 3485 242 3549 nocturnes
263 3475 438 3572 depellunt
459 3477 638 3552 tenebras:
664 3481 711 3551 ita
737 3479 843 3552 corda
871 3488 988 3553 nostra
1015 3476 1185 3550 invisibile
1211 3479 1304 3569 igne,
1331 3471 1366 3543 id

56 3590 109 3655 est
133 3578 249 3650 Sancti
270 3576 416 3674 Spiritus
438 3580 624 3675 splendore
644 3581 825 3672 illustrata,
847 3583 997 3654 omnium
1018 3583 1178 3653 vitiorum
1201 3579 1368 3649 caecitate

56 3689 214 3754 careonis
242 3691 277 3752 ut
302 3691 448 3778 purgato
473 3685 596 3757 mentis
622 3684 725 3757 oculo
746 3706 788 3757 ee
814 3705 961 3756 cernere
979 3686 1166 3779 possimus,
1197 3700 1286 3774 quae
1307 3675 1368 3747 tibi

57 3793 134 3858 sunt
155 3782 279 3878 placite
301 3794 335 3855 et
356 3795 495 3857 nostrae
512 3786 612 3859 saluti
629 3788 740 3859 utilia:
759 3796 925 3883 qnatenus
943 3797 1021 3883 post
1037 3784 1137 3857 buius
1158 3779 1289 3855 saeculi
1310 3800 1367 3850 ce-

56 3886 203 3979 liginosa
234 3885 426 3959 discrimina
457 3887 501 3959 ed
532 3888 646 3961 lucem
671 3889 918 3964 indeficientem
945 3890 1128 3985 pervenire
1155 3904 1367 3955 mereamur:

46 3988 125 4060 -l'er
146 3997 181 4058 te
208 3986 343 4063 Christe
365 3988 444 4063 Iesu
466 3990 621 4064 salvator
643 3992 770 4081 mundi,
791 3997 849 4088 qui
871 3997 904 4063 iu
928 3990 1091 4063 Trinitate
1111 3985 1254 4084 perfecti
1276 3985 1368 4057 vivis

58 4101 91 4162 et
118 4111 243 4182 regnas
266 4091 361 4166 Deus
385 4103 448 4163 etc.
488 4089 654 4191 Amen.²)

57 4271 273 4280 ..β-.-

127 4366 158 4435 l)
178 4366 249 4421 lliss.
265 4363 329 4420 0rd.
344 4364 417 4435 Aug.
434 4364 682 4426 restitissent.
703 4364 774 4421 ruta
795 4365 827 4422 in
848 4363 952 4421 ulnis„
984 4363 1048 4422 rtet.
1065 4363 1134 4419 cod.
1149 4359 1267 4419 Vindob.
1288 4374 1327 4416 sc.
1342 4358 1366 4415 X

56 4451 128 4524 apud
144 4451 303 4507 Gerbertum
320 4448 387 4504 bos
401 4464 545 4506 cereos.
576 4450 650 4507 blles.
665 4449 906 4521 Aug.Cod.Vlnd.
922 4447 1206 4523 magnificentie.
1227 4444 1366 4515 iletre·

56 4535 191 4594 staturi
210 4550 335 4591 sumus.
363 4532 789 4596 bletollereudoseucto.

128 4618 551 4696 2)lliss.dup.eesemper.
582 4618 857 4679 llutauntutilla.
