3046 4942
674 288 745 367 aa]

159 476 264 537 Postea
284 475 448 537 salvatoris
475 480 569 537 nostri
597 480 730 539 crucilrxl
748 480 906 555 imaginem
926 485 1052 553 aegroto
1074 478 1260 540 osculandam
1283 497 1367 560 prae·

88 585 136 656 tat,
145 564 176 664 ¹)
199 576 300 639 verbis
318 577 489 639 ellleacibus
510 596 575 639 eum
595 578 631 640 ad
644 598 728 660 apem
746 590 887 641 aeternae
900 578 1002 639 salutis
1017 579 1113 655 erigat
1129 581 1280 661 ipsamque
1298 583 1365 643 ima·

88 698 156 741 uem
174 697 275 740 coram
289 697 327 741 eo
341 688 443 760 ponat,
458 689 489 741 ut
503 679 580 741 illam
594 680 762 762 adspiciens
775 680 878 742 salutis
891 698 963 741 suae
976 698 1060 762 spem
1073 691 1177 742 sumat.

156 781 273 842 Deinde
293 799 418 843 accensa
438 769 620 870 cau·dela,2)
647 785 774 862 peribus
798 783 885 845 deris
905 802 970 844 cunr
994 784 1130 845 omnibus
1155 785 1370 846 circumstanti„

88 902 109 944 ta
125 883 234 944 brerae
247 883 374 944 bitenius
391 883 500 946 denote
513 887 620 947 recitet
634 887 664 946 in
678 885 755 948 huuc
767 873 932 972 modam.³)

156 975 265 1069 Kyrio
291 976 436 1048 eleison.
491 975 625 1051 Christe
652 978 795 1051 eleison.
848 978 956 1073 Kyrie
983 978 1127 1053 eleison.

157 1076 285 1150 Sancta
307 1075 414 1149 illaria
1127 1080 1197 1169 Ora
1223 1106 1287 1179 pro
1315 1105 1367 1155 so.
1483 1168 1492 1178 ,

157 1176 285 1252 Omnes
310 1183 418 1253 saneti
437 1180 567 1273 Angeli
592 1192 627 1254 st
652 1182 865 1276 Archangeli
1091 1182 1196 1257 Orate
1221 1207 1286 1280 pro
1314 1208 1367 1258 so.

157 1278 284 1353 Sancte
305 1280 399 1353 Abel
510 1312 513 1317 ⁴
1125 1285 1195 1358 Ora
1221 1309 1285 1382 pro
1314 1310 1366 1360 eo.

152 1380 268 1457 Omnis
292 1382 419 1456 chorus
445 1386 611 1457 iustorum
1126 1387 1196 1460 Ora
1220 1410 1286 1485 pro
1313 1411 1366 1462 oo.

157 1483 285 1556 Sancte
309 1483 486 1555 Abraham
1126 1489 1195 1560 Ora
1222 1512 1287 1586 pro
1314 1512 1368 1564 eo.

157 1584 284 1657 Sancte
303 1582 451 1659 loannes
472 1585 624 1680 Baptista
1127 1589 1197 1661 Ora
1222 1612 1286 1685 pro
1313 1613 1367 1664 co.

158 1684 284 1759 Sancte
306 1683 434 1781 loseph
923 1726 926 1731 ·
1128 1689 1197 1761 Ora
1223 1712 1288 1785 pro
1314 1714 1368 1763 so.

159 1784 286 1860 Omnes
307 1789 417 1858 sancti
437 1785 658 1859 Patriarchae
680 1797 714 1857 et
738 1786 952 1881 Prophetas·
1092 1787 1197 1862 Orate
1223 1814 1286 1886 pro
1313 1814 1367 1864 oo.
1393 1802 1397 1809 '

157 1887 286 1960 Sancta
304 1887 420 1976 Petrs,
443 1885 479 1962 S.
503 1887 624 1975 Paule,
646 1884 681 1961 S.
702 1888 859 1973 Andrsa,
881 1888 915 1962 S.
936 1889 1085 1965 loannes
1124 1890 1197 1963 Ore
1219 1915 1284 1988 pro
1314 1914 1368 1964 eo.

156 1987 283 2061 Omnes
304 1991 414 2063 sancti
438 1989 599 2085 Apostoli
621 1999 656 2061 st
676 1988 923 2082 Evangelistae
1091 1992 1197 2066 Orate
1221 2016 1287 2088 pro
1313 2016 1367 2067 eo.

156 2089 283 2162 Omnes
305 2092 415 2162 sancti
435 2090 603 2186 Discipuli
622 2090 759 2164 Domini
1090 2092 1200 2167 Orate
1221 2118 1285 2191 pro
1312 2118 1366 2168 eo.

156 2190 283 2263 Omnes
306 2195 415 2264 sancti
434 2191 652 2265 Innocentes.
894 2222 899 2231 ·
1090 2194 1285 2293 Oratepro
1312 2219 1366 2269 oo.

155 2291 191 2367 S.
215 2290 409 2388 Stephane,
432 2292 468 2365 S.
491 2292 653 2365 Laurenti
1125 2296 1195 2370 Ora
1221 2321 1286 2395 pro
1312 2321 1366 2371 ao.

156 2394 283 2467 Omnes
308 2398 418 2468 sancti
439 2394 611 2489 Martyres
848 2407 852 2417 '
1092 2398 1197 2471 Orata
1210 2422 1286 2495 pro
1312 2422 1366 2471 so.

156 2494 191 2570 S.
215 2495 411 2591 Sylvsster,
438 2496 473 2570 S.
499 2493 661 2588 Gregori,
687 2492 722 2568 S.
750 2495 945 2590 Augustino
1124 2497 1195 2570 Ora
1220 2520 1284 2594 pro
1311 2522 1366 2571 so.

156 2597 283 2670 Omnes
303 2600 412 2670 sancti
434 2594 617 2670 Pontifices
638 2606 673 2668 st
687 2592 923 2677 ‚Confessores
1091 2599 1196 2671 Orate
1220 2621 1284 2695 pro
1311 2621 1365 2672 eo.

155 2696 190 2773 S.
215 2698 423 2789 Benedicts,
450 2698 485 2772 S.
510 2699 695 2774 Franciscs
1125 2699 1196 2772 Ora
1220 2724 1284 2797 pro
1311 2722 1366 2773 ao.

157 2800 285 2874 Omnes
306 2805 415 2895 sancti
440 2792 598 2873 monachi
624 2810 659 2873 et
682 2803 845 2874 eremitae
1089 2802 1195 2874 Orate
1220 2825 1284 2899 pro
1312 2824 1365 2875 eo.

154 2900 190 2977 S.
211 2900 320 2974 blaria
341 2901 565 2995 magdalena,
593 2900 627 2975 S:
652 2902 758 2975 hucia
1090 2902 1160 2976 Ora
1181 2925 1245 2999 pro
1268 2901 1365 3001 eost)

156 3003 282 3085 Omnes
308 3014 449 3079 sanctae
467 3003 630 3097 Virgines
652 3014 687 3076 st
707 3003 841 3076 Viduas
1089 3005 1193 3077 Orate
1219 3028 1283 3101 pro
1311 3028 1366 3077 so.

141 3104 283 3179 'Omnes
306 3104 422 3177 Sancti
448 3115 483 3179 ot
509 3106 657 3177 Sanctae
680 3104 747 3175 Osi
996 3104 1201 3179 Intercedits
1221 3130 1286 3203 pro
1309 3128 1362 3179 so.

155 3207 327 3304 Propitius
354 3215 431 3281 esto
456 3206 567 3279 Parce
592 3209 626 3278 si
648 3206 804 3278 Domine.

88 3360 262 3379 ἐσμ-..ιιι-

107 3430 145 3520 '1)
162 3444 297 3516 Placebit,
319 3444 393 3518 quod
406 3444 570 3518 praescribit
584 3442 679 3500 Codex
692 3442 875 3501 Floriacensis
888 3444 960 3517 apud
974 3442 1146 3500 llartemum:
1165 3444 1325 3515 Porrigatur
1338 3442 1364 3498 ei
1408 3504 1414 3515 Ι

88 3534 166 3591 uxot
186 3529 325 3587 osculatur
339 3547 399 3587 sam
413 3536 442 3587 et
454 3536 544 3587 textus
556 3526 612 3604 (so.
619 3523 778 3603 bibliorum)
787 3536 815 3584 et
826 3528 933 3585 dicatur
941 3529 984 3585 el:
1005 3524 1093 3585 lioce
1107 3529 1164 3585 lex
1178 3535 1242 3586 tua.
1259 3527 1364 3581 —l’ta-

88 3631 136 3671 ros
151 3617 267 3671 Suanos
283 3614 459 3671 devotissima
474 3614 506 3670 ia
522 3613 793 3670 osculoOomiai
808 3620 931 3673 mortuos
940 3630 1012 3689 esse,
1020 3613 1206 3669 demonstrant
1215 3609 1364 3665 eorundem

88 3706 128 3757 ;ιι.
159 3698 244 3758 anm
259 3698 377 3755 suldciat
391 3697 582 3771 exemplans.
600 3697 768 3754 Wolbodeui
782 3696 912 3770 Episcopi
926 3697 1093 3759 beodieasis.
1114 3694 1283 3753 ActaSanct.
1294 3693 1363 3749 Boll.

88 3776 138 3843 trit.
147 3784 180 3839 ll.
194 3801 222 3855 p.
231 3781 285 3839 860
299 3781 434 3853 „crucam
448 3780 609 3838 dominicam
624 3781 730 3854 accepit
744 3782 771 3837 in
787 3782 908 3838 manibus
922 3789 951 3838 et
964 3781 1029 3835 mira
1041 3778 1194 3847 dulcedine,
1210 3774 1308 3833 affectu
1320 3776 1362 3831 in-

88 3867 181 3941 plebili
196 3865 241 3922 diu
256 3867 442 3939 complectens
453 3865 594 3939 pedesque
604 3865 741 3936 crucillxi,
756 3881 849 3923 manus
864 3872 892 3923 st
906 3867 975 3921 latus
990 3862 1163 3931 exosculans,
1178 3859 1285 3919 christo
1300 3858 1362 3933 Spi-

87 3970 132 4009 am
145 3950 278 4007 macidxo
291 3950 441 4007 reddidit“
932 3958 940 3971 ·
1347 3958 1351 3965 ’

88 4068 103 4099 .:
112 4034 151 4111 h).
160 4035 277 4093 llilllcile
291 4042 335 4092 est
347 4034 382 4091 ad
397 4032 578 4104 credendum,
600 4033 674 4105 quod
689 4049 705 4087 a
719 4034 854 4089 nonnullis
868 4031 1005 4102 retertur,
1029 4031 1082 4086 iam
1096 4029 1239 4100 apostolos
1253 4028 1362 4087 crucem

93 4120 225 4176 andalae
239 4121 318 4176 ritum
332 4118 488 4175 adhibuisse
502 4119 528 4173 iu
544 4118 620 4174 obitu
633 4116 661 4173 S.
677 4117 813 4189 blarthae,
828 4114 954 4185 hospitae
968 4114 1079 4170 Christi.

93 4201 145 4276 sd)
158 4205 189 4259 ln
201 4205 317 4276 ardoris
331 4203 493 4269 membranis
508 4203 558 4260 has
572 4201 688 4260 Limnias
704 4198 805 4255 vidisse
819 4202 933 4255 testatur
947 4197 1093 4265 Oaaaetus,
1108 4196 1232 4268 exceptis
1246 4197 1362 4253 noadai-
1482 4236 1487 4245 .

88 4307 99 4345 s
123 4288 291 4360 quorundam
305 4288 472 4351 Sanctorum
503 4286 665 4344 benedictus
678 4284 740 4341 Xlll
753 4280 939 4357 superaddidit
951 4281 997 4338 die
1011 4282 1151 4338 Oeesnbr.
1167 4283 1201 4338 19
1214 4279 1362 4338 anai'llili

88 4388 149 4429 oren
164 4373 192 4427 S.
212 4370 321 4442 loseph.
350 4373 380 4433 ln
394 4371 511 4442 Mende
527 4372 672 4429 lionaster.
693 4369 791 4425 desunt
813 4368 865 4424 heo
878 4365 998 4423 Limnias
1020 4367 1135 4423 bracas:
1157 4364 1360 4433 commandatur

88 4457 152 4515 auia
167 4456 201 4513 de
216 4455 386 4513 sanctissimo
399 4456 506 4519 uomica
523 4458 591 4513 lesu.
733 4508 736 4513 .

92 4590 95 4603 .
110 4540 143 4616 4)
158 4540 209 4597 llit.
225 4539 388 4599 'trevirense
402 4538 478 4595 addit
492 4542 518 4597 S.
538 4538 707 4597 catherinam
721 4554 755 4595 ac
767 4538 797 4594 S.
812 4535 944 4593 Theclam.
1016 4606 1020 4619 .
