3046 4942
795 325 869 411 398

290 512 443 585 Oramus.
494 509 691 604 Bene†dic
717 527 922 604 quaesumus
949 505 1096 576 Domino
1122 503 1187 579 bos
1214 502 1404 600 pulmarum
1423 528 1471 580 seu

187 618 354 691 olivarnm
372 634 505 686 ramos·
528 624 562 685 ιι
582 620 718 710 praesta
739 625 776 684 ut
795 610 887 707 quod
908 607 1056 705 populus
1076 617 1154 682 tuns
1176 611 1210 679 in
1230 608 1285 679 tui
1303 612 1472 682 veneratio

185 741 264 791 nem
289 717 453 790 hodierna
476 715 531 788 die
553 714 778 811 corporaliter
798 716 879 806 agit,
902 710 969 784 boc
989 712 1210 806 spiritualiter
1234 731 1362 783 sumus
1381 712 1474 783 devo

184 824 277 893 tlone
299 817 464 916 perficiat,
491 819 535 890 de
561 818 660 890 hoste
687 819 866 889 victoriam
891 812 1099 960 reportapdo
1121 825 1155 886 ιι
1183 833 1277 908 opus
1303 817 1475 890 misericor-

187 923 262 995 diae
282 943 497 1017 summopere
520 918 703 1013 diligendo.
745 919 812 991 Per
831 911 1060 1012 nominum1)

288 1050 342 1111 llio
357 1048 517 1113 Celebrans
541 1051 624 1130 ponit
645 1050 794 1109 incensum
816 1049 844 1109 in
864 1044 1033 1122 thuribulo,
1054 1044 1162 1105 deinde
1183 1053 1233 1106 ter
1253 1044 1474 1126 aspergitrsuot

189 1171 263 1234 equa
278 1151 450 1229 benedicta,
472 1152 595 1214 dicendo
612 1150 807 1230 Antiphonem
820 1140 998 1234 Asperges
1011 1147 1060 1207 vel
1071 1149 1139 1208 sine
1153 1156 1243 1208 cantu
1261 1156 1292 1208 et
1303 1149 1368 1208 sine
1380 1145 1475 1207 Psulno

188 1263 219 1316 et
237 1263 284 1314 ter
303 1252 402 1314 adolet
423 1255 556 1315 incenso.
596 1255 701 1315 Postea
725 1252 810 1312 dicit:
842 1240 1008 1314 Dominus
1034 1240 1224 1313 vobiscum.
1280 1244 1323 1332 ιι.
1349 1238 1392 1310 Et
1414 1260 1501 1310 cunt·

187 1349 306 1444 spiritu
328 1354 396 1416 tuo.

290 1463 444 1536 Oremus.
491 1464 585 1536 Deus
608 1465 664 1559 qni
683 1462 788 1535 lilium
809 1473 900 1535 tuum
922 1462 1035 1535 lesum
1063 1459 1235 1535 Christum
1259 1470 1403 1535 nostrum
1421 1481 1476 1555 pro

188 1564 299 1641 salute
321 1564 438 1640 nostru
464 1567 499 1637 in
525 1566 614 1637 hunc
640 1566 799 1638 mundum
821 1567 952 1652 misisti,
978 1575 1014 1637 ut
1034 1587 1073 1638 se
1086 1563 1291 1639 ¹humiliaret
1313 1563 1355 1636 ad
1372 1585 1432 1634 nos
1449 1569 1478 1632 et
1517 1604 1519 1609 -

187 1690 252 1741 nos
274 1679 457 1740 revocaret
477 1669 518 1740 ad
538 1679 590 1740 te:
615 1673 669 1740 cni
691 1672 792 1740 etiam
810 1668 888 1740 dum
906 1667 1094 1739 Ierusalem
1111 1670 1262 1757 veniret,
1280 1676 1318 1739 ut
1335 1665 1478 1761 adimple-

187 1781 241 1843 ret
262 1773 466 1867 scriptnras,
500 1772 708 1845 credentium
733 1771 937 1868 populorum
963 1769 1060 1841 turba
1086 1768 1286 1843 fidelissima
1312 1768 1479 1841 devotione

99 1888 104 1905 ·
187 1876 390 1946 vestimentu
423 1897 484 1946 sua
518 1897 594 1946 oum
627 1874 940 1970 ramispalmarum
966 1873 1084 1943 invia
1111 1871 1328 1945 sternebant:
1360 1879 1480 1967 praesta

189 1997 407 2071 quaesumus,
429 1985 465 2047 ut
488 1976 538 2048 illi
560 1976 638 2048 fidei
662 1979 753 2048 viam
779 1996 1034 2071 praeparemus,
1062 1974 1205 2070 dequo,
1232 1983 1365 2046 remoto
1383 1970 1481 2067 lapide

190 2076 400 2165 offensionis,
427 2086 462 2147 et
486 2087 583 2173 petra
610 2078 761 2150 scandali
783 2077 964 2148 irondcant
990 2075 1079 2172 apud
1100 2087 1133 2148 ιι
1157 2098 1265 2173 opera
1283 2085 1422 2149 nostrae
1440 2075 1482 2143 iu-

189 2180 300 2249 stitiae
321 2181 442 2251 ramis:
465 2188 502 2250 nt
525 2181 597 2251 eius
618 2182 764 2271 vestigia
785 2181 884 2273 sequi
905 2200 1105 2250 mereamur.
1150 2176 1219 2264 Qui
1238 2186 1353 2249 tecum.

292 2303 443 2386 completa
470 2306 676 2394 benedictione
703 2308 822 2385 dignior
847 2326 884 2368 ex
907 2305 994 2367 Claro
1024 2306 1138 2368 aceedit
1164 2306 1200 2368 ιι
1219 2306 1306 2368 ιιιιιι
1327 2315 1358 2366 ιι
1375 2304 1422 2365 ιιι
1441 2321 1482 2363 ra·

189 2426 266 2468 mum
281 2407 463 2470 benedictum
479 2408 665 2488 celebranti,
687 2413 736 2492 qui
759 2429 816 2472 non
840 2408 1012 2487 genullectit
1032 2429 1088 2470 nec
1102 2409 1254 2477 osculatur
1265 2427 1374 2470 nauum
1387 2407 1482 2468 dantis

100 2553 105 2563 ·
190 2508 297 2572 Postea
314 2510 473 2574 celebrans
494 2523 573 2575 stans
596 2523 662 2575 ente
680 2514 789 2591 altare,
811 2531 915 2573 versus
936 2512 971 2572 ad
988 2513 1126 2593 populum
1142 2512 1291 2573 distribuit
1304 2530 1415 2589 ramos,
1432 2509 1481 2590 pri·

134 2660 141 2681 ,
190 2630 265 2673 muro
280 2613 418 2692 digniori,
432 2635 448 2675 a
463 2635 519 2698 quo
534 2618 598 2696 ipse
612 2619 737 2696 aceepit,
752 2616 858 2678 deinde
874 2615 1004 2676 Diacono
1019 2624 1048 2674 et
1062 2614 1253 2676 subdiacono
1267 2616 1375 2695 parutis
1388 2621 1416 2674 et
1427 2611 1480 2673 sliis

191 2713 313 2776 Clericis
331 2716 497 2792 singulatim
512 2736 566 2797 per
580 2719 722 2795 ordinem,
737 2718 837 2778 ultimo
853 2717 950 2777 laicis:
976 2717 1109 2778 omnibus
1124 2716 1391 2795 genuflectentibus
1404 2723 1430 2775 ιι
1441 2731 1480 2773 ιι·

191 2833 266 2875 mrim
285 2833 319 2875 ac
333 2832 446 2876 manum
462 2816 642 2879 celebrantis
657 2818 872 2896 osculantibus,
895 2821 1028 2899 exceptis
1043 2819 1183 2881 Praelatio
1200 2821 1226 2881 si
1242 2820 1350 2882 adsint.
1380 2816 1415 2879 n
1426 2833 1478 2876 cun

190 2914 528 2996 inceperitdistribuere,
538 2919 659 2983 quoro
670 2930 821 2983 cantantur
829 2922 1197 3002 sequentesbntipbonae·
1211 2912 1317 2985 Pueri
1325 2910 1478 2984 Hebraea

190 3031 264 3080 rum
291 3018 464 3105 portantes
484 3031 619 3099 ramos,
652 3014 818 3088 olivarum
841 3012 1067 3086 obviaverunt
1086 3015 1236 3087 Domino
1256 3015 1434 3087 clamantes
1452 3017 1518 3080 et

192 3110 362 3184 dicentes:
383 3110 567 3184 Hosanna
558 3134 591 3182 ιιι
607 3117 816 3189 excelsisvel
833 3116 935 3188 Pueri
949 3115 1182 3189 Hebraeorum
1199 3120 1518 3211 vestimentupro
1513 3050 1518 3177 l

92 3232 95 3238 ·
192 3210 417 3286 sternebant
408 3236 441 3284 m
460 3218 517 3286 ιιι
540 3224 573 3286 ιι
599 3215 786 3291 clamabant
806 3220 980 3291 dicentes:
1008 3218 1168 3294 Hosanna
1189 3218 1261 3291 lilio
1284 3216 1412 3306 Dauid,
1430 3214 1519 3289 ιιι

192 3314 346 3397 nedictus
374 3319 430 3411 qui
455 3320 550 3389 venit
571 3320 606 3387 in
627 3321 762 3388 nomine
785 3322 929 3394 Domini

294 3444 415 3520 Quae·
391 3464 416 3506 ιι
431 3465 489 3507 nou
503 3447 659 3522 sufiiciunt,
677 3456 855 3526 repetuntur,
869 3469 1021 3532 quousque
1035 3467 1178 3511 rumorum
1188 3447 1358 3510 distributio
1371 3447 1474 3508 finiatur.

192 3544 306 3608 Deinde
321 3548 467 3611 sacerdos
482 3549 552 3610 dicit
569 3540 734 3613 Dominus
754 3539 939 3614 vobiscum
983 3548 1025 3635 ιι.
1051 3542 1096 3614 Ει
1116 3563 1194 3613 cum
1216 3544 1338 3639 spiritu
1358 3551 1417 3612 tuo.

208 3662 210 3667 '
296 3655 449 3730 Oremus.
490 3658 710 3756 Omnipotens
728 3663 932 3781 sempiterne
945 3662 1052 3751 Deus,
1071 3687 1128 3757 qur
1118 3663 1328 3734 Dominum
1343 3669 1474 3730 noenum

193 3759 307 3833 Iesum
334 3756 503 3833 Christum
524 3784 627 3858 super
653 3762 782 3857 pullum
805 3766 920 3835 asinae
946 3764 1069 3836 sedere
1094 3765 1207 3836 fecisti
1230 3774 1267 3835 ιι
1293 3762 1396 3836 turbas
1421 3779 1475 3853 po

193 3863 350 3958 pulorum
369 3866 572 3937 vestimentu
595 3864 654 3935 vel
676 3886 789 3938 ramos
812 3865 1002 3936 arborum
993 3888 1028 3936 m
1044 3869 1100 3937 via
1116 3876 1274 3938 sternere
1290 3875 1322 3938 ιι
1332 3862 1476 3934 Hosanna

91 4034 101 4047 ,
165 3992 169 3999 ·
195 3962 412 4038 decantare
402 3989 436 4039 ιιι
462 3967 628 4039 laudem
619 3969 723 4062 ipsius
746 3966 908 4043 docuisti:
932 3967 974 4039 da
996 3990 1213 4063 quaesumus,
1233 3979 1272 4040 ut
1293 3965 1446 4042 illorum
1439 3983 1476 4033 n·

197 4140 394 4152 ———-——

195 4238 243 4294 ris
265 4240 433 4296 arborum
449 4273 489 4283 —
504 4246 558 4297 tue
574 4238 737 4297 coelesti
750 4270 793 4280 —
808 4241 864 4313 qni
880 4246 1017 4299 cuncto.
1049 4239 1159 4313 tegitur
1174 4239 1201 4297 in
1219 4239 1288 4300 θοι.
1302 4231 1474 4310 sseollsprl

101 4362 105 4371 ,
195 4321 353 4379 Gerbertum
367 4326 438 4381 ιιοι.
455 4326 481 4381 ι.
496 4325 529 4384 Α.
546 4326 578 4385 ιι
594 4343 620 4399 p.
632 4325 674 4382 74.
690 4333 833 4397 praeterea
847 4325 874 4381 in
889 4325 1070 4383 Ambrosiuno
1086 4325 1178 4383 elicio
1193 4333 1307 4398 receptu
1322 4333 1374 4387 est.

265 4440 342 4513 1).tt
360 4442 767 4501 tarvenerstionebod.
782 4442 809 4498 ι.
825 4442 858 4499 V.
878 4444 997 4501 Debetur
1010 4445 1078 4501 baec
1091 4443 1291 4502 benedictionis
1305 4436 1474 4511 ιοιιιιιιιιιι

198 4536 268 4589 nor,
293 4523 451 4582 Ambrosio.
475 4529 576 4598 legitur
597 4530 691 4586 saltem
706 4528 756 4586 ssd
770 4527 901 4601 prolixius
917 4529 1062 4602 expositu
1054 4546 1082 4585 ιιι
1097 4528 1248 4602 liturgia
1222 4546 1299 4605 erus,
1317 4545 1404 4605 seque
1415 4530 1519 4597 ιιι·

195 4607 224 4662 ιι
238 4604 380 4664 codicibus
393 4624 465 4683 succ.
479 4611 712 4686 illstiletqus
705 4631 731 4671 m
744 4613 956 4675 benedictionali
970 4614 1179 4684 complicum
1264 4648 1268 4655 ·
1305 4660 1312 4675 .
