3046 4942
685 351 762 419 349

78 536 140 600 ie'to
156 535 326 617 Antiphone
341 540 496 617 repetitur.
542 538 618 599 Dum
633 538 804 618 Antiphone
817 547 848 599 et
862 537 995 598 Psalmus
1009 537 1163 613 dicuntur,
1177 538 1315 600 Pontifex
1329 559 1375 601 ae·

78 648 146 720 apta
159 640 257 716 mitra,
272 639 377 700 circuit
390 649 421 702 et
434 638 619 720 perambulat
634 648 726 700 totum
742 641 839 701 locum
852 641 1025 701 coemeterii
1043 640 1187 717 incipiens
1201 641 1327 700 circuire
1339 641 1376 701 nd
1413 711 1420 721 .

78 740 288 818 iundextram,
302 758 468 820 aspergens
481 758 584 819 aquam
604 740 787 803 benedictam
796 728 826 828 ¹)
841 741 961 820 ubique.
987 739 1116 821 Expieto
1130 749 1227 801 autem
1241 742 1376 813 circuitu,

78 842 182 907 edisne
195 851 264 902 ante
274 859 403 918 crucem,
418 860 493 921 quae
507 851 554 903 est
568 851 637 903 ante
650 843 786 920 mediam,
800 843 937 922 deposita
950 844 1045 918 mitra,
1060 844 1226 921 respiciens
1236 843 1272 903 ad
1284 843 1376 922 ipsam

78 962 197 1019 rucenr,
214 942 302 1011 dicit:

164 1037 309 1107 Oremun.
352 1032 448 1104 Deus
470 1037 527 1127 qui
549 1056 588 1107 es
609 1036 712 1106 totius
736 1035 829 1106 orbis
852 1034 1009 1104 conditor
1032 1044 1068 1104 et
1085 1034 1221 1104 humani
1237 1036 1378 1124 generis

78 1135 248 1224 edemtor,
267 1145 533 1228 cunctarumque
551 1146 785 1207 creaturarum
805 1134 989 1206 visibilium
1008 1146 1044 1206 et
1059 1134 1280 1206 invisibilium
1297 1156 1376 1229 per-

78 1245 173 1311 eetus
199 1238 402 1332 dispositor,
429 1246 463 1305 te
489 1236 635 1331 supplici
661 1260 751 1308 voce
778 1260 820 1308 ac
845 1258 933 1332 puro
959 1236 1066 1307 corde
1094 1238 1315 1329 exposcimus
1340 1244 1377 1305 ut

78 1360 128 1411 roc
151 1341 395 1411 coemeterium
418 1340 493 1407 sive
517 1337 758 1431 polyandrum,
779 1342 814 1409 in
836 1359 905 1431 quo
927 1337 1132 1409 famulorum
1157 1336 1376 1409 famularum-

78 1462 127 1534 jue
146 1451 280 1512 tuarum
301 1458 450 1532 corpora
471 1441 652 1530 quiescere
673 1441 801 1511 debent
821 1449 900 1532 post
921 1438 1091 1510 curricula
1107 1438 1206 1512 buius
1221 1443 1314 1509 vitae
1327 1438 1376 1509 la-

78 1545 174 1613 ·eutia
194 1537 406 1634 pur†gare,
427 1536 681 1629 bcne†dicere
697 1552 732 1611 et
746 1539 1003 1630 sancti†bcare
1015 1540 1167 1630 digneris
1182 1545 1308 1634 quique
1321 1561 1378 1610 re·
1430 1562 1434 1573 ¹

78 1646 261 1715 rissionem
283 1641 430 1709 omnium
452 1648 674 1733 peccatorum
683 1664 755 1734 per
771 1650 863 1711 tuam
878 1661 1035 1731 maguam
1055 1640 1324 1711 misericordiam
1342 1643 1378 1709 in

78 1767 95 1813 e
118 1739 366 1812 confidentibus
384 1743 584 1835 praestitisti
602 1750 637 1811 et
658 1741 772 1812 tubam
784 1743 882 1836 primi
895 1739 1109 1833 Archangeli
1122 1740 1178 1810 bic
1191 1749 1377 1832 expectau-

78 1844 152 1915 ibus
175 1841 449 1914 consolationem
471 1852 671 1937 perpetuam
698 1843 840 1935 largiter
865 1844 1049 1937 impertire.
1100 1841 1167 1911 Per
1194 1838 1376 1911 Christum.

78 1952 102 2032 ir.
130 1944 254 2014 Amen.
300 1950 416 2013 Deinde
431 1953 578 2015 tburilicat
592 1954 685 2033 ipsam
700 1971 817 2015 crucem
832 1962 862 2013 et
878 1954 942 2030 iigit
960 1954 989 2014 in
1004 1955 1169 2014 summitate
1183 1953 1276 2032 ipsius
1292 1967 1376 2011 unam

78 2075 101 2117 ¹x
115 2053 210 2117 tribus
225 2053 356 2114 candelis
371 2053 543 2115 ardentibus
556 2063 587 2116 et
599 2055 672 2116 alias
688 2055 761 2116 duas
773 2055 910 2117 similiter
921 2055 1060 2116 ardentes
1073 2057 1104 2115 in
1118 2052 1234 2115 duobus
1248 2051 1378 2114 braclriis

79 2156 192 2219 insdem
212 2157 318 2216 erucis.
357 2154 423 2230 Quo
445 2157 525 2218 iacto
540 2166 663 2236 accepta
676 2159 760 2219 mitra
773 2157 891 2219 accedit
902 2156 938 2217 ad
954 2174 1071 2218 crucem
1085 2165 1167 2218 retro
1183 2155 1306 2217 mediam
1323 2172 1376 2234 pu·

78 2261 167 2334 itam,
188 2257 378 2337 aspergendo
392 2276 511 2338 semper
524 2276 625 2337 aquam
643 2259 828 2319 benedictam
841 2276 898 2337 per
911 2261 1122 2320 coemeterium
1140 2259 1257 2320 iuterim
1272 2256 1376 2317 diceus

78 2379 126 2421 um
154 2360 294 2419 ministris
322 2369 494 2438 sequentem
522 2349 689 2421 Praimnm
710 2351 858 2421 Domine
879 2372 923 2420 ne
946 2354 981 2419 in
1005 2349 1134 2421 furore.
1175 2359 1242 2421 Non
1269 2357 1376 2418 ‹licltur

78 2450 189 2524 iloriu,
214 2459 328 2534 Quibus
343 2460 473 2539 expletis
487 2461 627 2522 Pontifex
640 2470 722 2522 stans
733 2470 802 2521 ante
812 2462 906 2540 ipsam
917 2478 1033 2521 crucem
1045 2458 1181 2538 deposita
1192 2461 1276 2519 mitra
1288 2458 1373 2518 dicit:

166 2555 312 2625 Orcnnn.
366 2551 513 2625 Domine
540 2563 680 2643 sancte,
715 2553 817 2624 Pater
840 2554 1074 2647 omnipotens,
1100 2559 1242 2621 aeterne
1265 2548 1375 2635 Deus,

78 2658 149 2728 rina
174 2657 335 2728 maiestas
362 2663 397 2724 et
422 2677 490 2727 uua
510 2653 643 2744 Deitas,
671 2655 774 2727 Pater
802 2665 838 2725 et
863 2655 970 2727 Filius
993 2663 1027 2724 et
1048 2652 1195 2746 Spiritus
1216 2649 1375 2737 Saucius,

78 2759 208 2831 ustitiae
234 2765 368 2845 auctor,
394 2761 518 2829 veniae
540 2758 695 2851 largitor,
725 2758 894 2830 bonorum
922 2757 1032 2842 dator,
1051 2757 1237 2827 sanctitatis
1261 2755 1374 2843 origo,

80 2858 301 2930 barismatum
319 2858 529 2946 distributor,
545 2863 762 2955 omniumque
780 2859 824 2931 ad
840 2869 875 2931 te
888 2859 1097 2931 venientium
1110 2860 1186 2951 pius
1200 2862 1375 2949 receptor,
1399 2858 1413 2875 '

79 2968 200 3032 raesta
218 2960 399 3052 propitius,
416 2970 455 3031 ut
471 2960 538 3031 boc
554 2966 798 3033 coemeterium
816 2965 851 3032 in
869 2961 1035 3032 honorem
1052 2960 1199 3029 nominis
1217 2959 1265 3028 tui
1283 2978 1375 3026 com-

78 3061 213 3133 ositum
234 3056 323 3129 bene
336 3057 368 3151 i·
382 3058 450 3131 dici
469 3070 504 3131 et
525 3067 633 3134 sancti
645 3063 677 3156 †
690 3062 786 3134 ficari
806 3063 992 3151 concedas,
1013 3062 1070 3154 qui
1094 3060 1197 3132 beato
1211 3058 1375 3130 Abrabae

80 3158 279 3234 atriarchae
301 3157 430 3232 famulo
456 3169 517 3233 tuo
543 3172 671 3235 terram
693 3185 712 3232 a
736 3162 813 3236 liliis
834 3163 977 3236 Hebron
1003 3170 1232 3257 comparatum
1260 3163 1294 3231 iu
1320 3179 1375 3231 se-

78 3262 231 3335 uliuram
252 3258 461 3336 benedixisti
482 3271 516 3334 et
538 3265 596 3356 qui
616 3263 745 3359 populo
768 3263 937 3337 lraelitico
959 3264 1196 3359 promissionis
1215 3260 1376 3331 tellurem

78 3388 96 3437 u
115 3385 206 3435 aevo
225 3362 403 3436 durantem
418 3367 633 3454 concessisti,
648 3364 853 3438 famulorum
866 3366 1134 3458 famularumque
1149 3373 1282 3433 tuarum
1297 3384 1375 3434 cor-

78 3465 205 3539 »oribus
231 3468 266 3536 in
290 3465 356 3538 hoc
383 3470 627 3540 coemeterium
653 3468 851 3541 intrantibus
877 3471 1000 3563 quietis
1022 3465 1140 3537 sedem
1163 3474 1197 3534 et
1219 3465 1261 3535 ab
1283 3466 1375 3535 omni

78 3571 260 3641 ucursione
281 3567 447 3640 malorum
466 3572 644 3664 spirituum
665 3570 805 3641 tutelam
823 3571 991 3661 benignus
1014 3568 1158 3658 largitor
1175 3565 1318 3649 tribuas,
1339 3573 1375 3632 ut

78 3679 142 3743 rost
159 3673 346 3739 animarum
359 3692 612 3766 corporumque
625 3674 913 3744 resurrectionem
927 3669 1164 3754 coadunatum,
1177 3676 1212 3736 ie
1226 3667 1375 3738 domante

78 3782 164 3864 itque
188 3770 412 3859 concedente,
434 3770 677 3844 beatitudinem
700 3776 939 3869 sempiternam
959 3774 1140 3865 percipere
1166 3775 1374 3850 mereantur,

78 3875 119 3967 qui
142 3875 177 3942 iu
191 3871 356 3943 Trinitaie
382 3872 536 3968 perfecta
561 3871 652 3946 vivis
676 3886 711 3946 ei
735 3896 862 3967 regnas
882 3873 991 3961 Deus,
1016 3895 1080 3965 per
1101 3873 1213 3941 omnia
1234 3865 1374 3939 saecula

79 3973 288 4046 aeculorum.
335 3978 377 4066 lb.
405 3974 527 4047 Amen,

78 4115 267 4129 ...---.—.

124 4174 156 4248 2)
172 4179 294 4237 Pontilic.
310 4177 426 4248 Egberti
442 4178 589 4248 „Primitus
612 4196 673 4234 cum
694 4194 762 4248 aqua
783 4177 925 4232 benedicta
947 4180 1094 4248 episcopus
1116 4192 1175 4229 cum
1191 4172 1300 4228 clericis
1317 4171 1374 4228 suis

78 4263 232 4320 ircumdare
247 4262 347 4318 debeat
360 4278 441 4321 omne
455 4263 650 4319 coemeterium
665 4279 725 4319 cunr
740 4262 861 4333 psalmo:
879 4261 1009 4317 lliserere
1025 4261 1078 4315 mci
1092 4261 1163 4314 Deus
1177 4265 1205 4313 et
1218 4257 1373 4329 Antiphone

78 4363 207 4420 ,sperges
226 4350 301 4402 nc.“
330 4346 423 4403 Codex
439 4347 595 4404 Vindobun.
611 4364 683 4403 saec.
700 4346 750 4401 llll
765 4345 810 4401 rel
824 4343 886 4401 Xlll
899 4344 971 4416 apud
985 4343 1143 4400 Gerbertum
1156 4343 1226 4399 lion.
1245 4340 1371 4397 u.-A.11.

78 4432 103 4492 Β,
120 4430 187 4487 nibil
202 4430 279 4487 buius
294 4430 461 4502 aspersionis
475 4449 507 4489 nc
520 4432 650 4490 circuitus
665 4431 828 4488 mentionem
840 4430 954 4499 iaciens,
965 4429 1005 4485 sic
1017 4428 1126 4501 incipit:
1140 4426 1296 4497 „canamus
1307 4442 1369 4498 sep·

78 4532 116 4573 eru
136 4515 233 4588 pssimi
251 4522 281 4573 et
294 4515 476 4573 illuminentur
490 4525 606 4589 quatuor
620 4516 759 4577 candelae.
787 4515 908 4573 Deinde:
926 4515 999 4573 Deus
1013 4514 1058 4587 qui
1072 4514 1201 4571 octatius
1216 4510 1292 4569 orbis
1304 4527 1370 4567 con-

79 4600 171 4656 itor.“
188 4599 262 4656 llaec
275 4600 366 4656 oratio
378 4601 430 4656 iam
442 4602 470 4657 in
483 4601 753 4671 llgbertil’outilicnli
766 4610 794 4658 et
805 4600 904 4661 Ordine
917 4602 1036 4657 liemaro
1044 4598 1216 4673 liitturpiano
1227 4596 1309 4655 obvia
1321 4601 1371 4651 est.
