3046 4942
712 219 779 291 ¹38

106 424 258 485 interserit
289 422 368 483 inter
394 416 517 495 Supra
538 432 634 495 quoe
662 423 692 474 et
715 414 927 494 Supplices
952 427 1133 489 rogamus
1165 411 1415 493 supplicationem

107 525 287 588 sucerdotis:
312 518 468 596 Supplices
479 525 510 578 tc
532 532 676 595 reponunt
690 517 874 594 ommipotens
885 513 980 591 Deris,
997 510 1177 592 sidipneris
1193 522 1337 575 sanctam
1354 532 1413 575 nro

107 635 183 688 trem
205 625 362 686 coetestem
384 620 424 681 oo
445 620 581 681 omnibus
600 619 728 681 inimicis
746 618 898 680 custodire
916 624 948 678 et
966 634 1068 678 omme
1084 616 1222 678 mimium
1239 618 1308 679 emes
1326 616 1415 679 iussi·

107 730 194 804 Hom,
214 736 243 788 et
256 727 309 806 qui
318 744 365 786 me
378 722 521 802 emipunm
534 730 564 783 et
573 720 764 800 peccatorem
777 722 822 782 od
831 729 915 782 tunm
932 720 1129 781 ministerium
1142 727 1171 779 et
1184 720 1228 781 od
1238 720 1322 782 iuno
1338 720 1415 782 ordi

107 851 174 893 nem
187 847 300 892 cocere
312 828 454 905 tiipnotos
466 843 510 902 ee,
524 825 570 886 sic
580 825 630 884 oet
640 825 779 885 idoneum
794 823 1027 885 tioi'miuistrum
1038 819 1164 902 efficies,
1189 829 1225 883 nt
1251 823 1311 885 troc
1323 823 1415 885 socri

31 915 35 922 ¹
106 935 209 1014 (icium
221 930 302 1010 qnod
319 929 374 990 tibi
384 925 490 1008 offero,
517 926 554 989 de
566 926 706 988 menimis
723 928 798 987 neeis
813 927 933 1005 piocide
951 932 981 987 ct
1000 926 1124 1004 benique
1136 926 1292 1004 wecipies
1312 926 1414 988 cledo-

108 1050 235 1112 sumqoe
247 1031 439 1094 sacerdotum
455 1049 502 1090 me
513 1029 616 1108 focius
628 1046 697 1091 esse
712 1030 899 1109 participem.
938 1027 997 1090 Per
1012 1026 1163 1089 mmmm
1182 1026 1346 1090 Βοωιαιιιι
1365 1044 1414 1091 no·

108 1146 215 1198 strum
251 1136 325 1197 lube
340 1143 396 1196 etc.
431 1133 513 1194 Haud
535 1135 701 1194 necessarie
728 1132 846 1195 videtur
870 1132 1022 1194 Binterimi
1044 1133 1232 1194 coniectum:
1259 1129 1418 1193 Vieiieinii

109 1240 160 1300 iret
174 1238 236 1300 Leo
249 1239 331 1298 dieue
342 1235 527 1314 Snppdcotio
539 1237 702 1314 eimqesetnt
713 1252 772 1295 sur
787 1233 855 1296 Zcit
866 1235 923 1296 der
927 1251 1056 1314 pressere
1062 1231 1337 1315 Kircirenepuitnnp
1347 1235 1418 1297 oder

73 1331 186 1402 duim
198 1338 359 1401 Auriciocu
370 1339 426 1400 der
441 1337 550 1400 Feinde
560 1355 656 1421 pecco
666 1336 750 1398 Ιιοιιι

142 1432 146 1437 ’
214 1442 306 1504 ΧΧΗ.
360 1441 426 1504 Vat.
452 1440 643 1502 Christum
672 1441 795 1502 fitium
824 1451 919 1502 tuum
949 1438 1139 1500 Dominum
1164 1448 1344 1501 nostrum.
1376 1469 1412 1481 -

112 1541 534 1625 MuratoriusL0R.1.p.52.
569 1541 643 1604 Heio
655 1549 756 1602 certem
768 1542 865 1603 obiter
882 1539 1180 1602 animaduertendum
1198 1555 1272 1601 reor
1287 1542 1336 1602 etti
1355 1541 1418 1621 ossi

110 1645 364 1728 [misiusiiitudm
375 1663 434 1724 por
445 1645 594 1715 inuocatione
606 1645 726 1705 diremi
743 1645 893 1706 eccidisse
911 1660 952 1704 em
970 1641 1027 1703 tm
1049 1641 1298 1704 mmmmm
1317 1641 1415 1719 (ticio

56 1800 61 1807 .
111 1751 214 1828 sione)
228 1749 537 1816 cmunuenuorotionem
554 1745 870 1832 Defunctommpuoe
887 1751 959 1825 post
978 1741 1242 1806 Conseormtionem
1259 1745 1417 1806 edisiictm

112 1852 434 1914 mosomensem.
447 1832 1417 1928 oormnoemomemopmmemomneoasmsmmee

112 1955 217 2015 tatium
228 1953 426 2012 ecciesiumm
437 1940 668 2026 mitriosiendus,
681 1950 714 2008 in
722 1967 787 2031 quo
792 1952 928 2028 persiste
940 1951 1018 2011 ritus
1031 1950 1229 2012 desideretur.
1249 1947 1355 2029 Nepae
1365 1949 1418 2010 tibi

112 2055 144 2114 in
155 2058 281 2113 urentem
294 2051 403 2112 euocet
415 2050 571 2126 dubitatio,
593 2067 635 2110 un
651 2048 684 2111 S.
704 2049 820 2110 Gciosii
845 2070 921 2114 oeno
934 2054 1065 2130 eiecerit
1079 2060 1267 2114 neortuonou
1287 2051 1418 2132 βάειὶιιιι

80 2167 85 2186 ’
113 2155 354 2216 commoratio
366 2154 511 2214 ie'socris
525 2158 556 2212 ct
566 2169 675 2230 preces
688 2169 747 2230 pso
760 2153 799 2212 iis
810 2151 876 2217 Deo
889 2153 1065 2234 offer-erutor.
1079 2155 1209 2217 Snceuto
1226 2156 1296 2234 ipso
1309 2153 1429 2217 Ciminii.

112 2257 201 2317 termo
216 2263 377 2334 etquurtm
393 2254 502 2316 nedum
518 2255 620 2334 quincto
633 2240 778 2338 hebenum
788 2262 895 2333 potres
919 2256 1091 2319 istiusmodi
1114 2245 1264 2338 deminutis
1288 2265 1321 2319 et
1343 2259 1417 2319 ιιῑιιιι

112 2355 215 2419 testes.
254 2356 376 2418 Notium
397 2376 439 2419 cc
460 2359 499 2419 iis
519 2374 573 2437 epo
588 2357 760 2419 memorabo
772 2359 804 2418 iu
824 2375 859 2420 re
876 2358 1000 2418 monimo
1011 2367 1084 2421 noto
1098 2367 1188 2440 ntqrm
1205 2361 1350 2438 protrita
1382 2358 1417 2421 m

110 2479 186 2523 sene
200 2460 448 2538 hoelargiendum
458 2461 582 2523 estViro
592 2462 784 2538 Doctissimo,
801 2476 840 2522 ex
854 2462 1064 2540 antiquissimis
1076 2464 1222 2525 eeclesiae
1237 2463 1417 2544 temporibus

114 2582 215 2625 orasse
230 2563 333 2625 [ideles'
335 2583 403 2645 ,pro
419 2563 603 2625 defunctisin
622 2567 732 2658 sacris:
755 2573 784 2625 ut
801 2583 924 2642 prorsus
938 2563 994 2623 alia
1016 2573 1061 2623 est
1075 2567 1263 2642 quaestione
1276 2563 1417 2640 housse·
1444 2630 1447 2637 ,

111 2675 235 2728 mento
251 2685 320 2745 pro
336 2652 407 2726 Dei
416 2668 541 2726 unctis
559 2666 595 2724 ub
611 2643 689 2725 omni
704 2675 851 2726 vetustate
872 2675 1022 2744 acceptum
1044 2667 1094 2726 sit·
1124 2664 1184 2727 lum
1198 2665 1359 2751 iieuardus
1372 2685 1418 2728 an·

112 2769 238 2842 nutarit,
253 2784 312 2827 nou
328 2758 488 2826 exnterem
499 2764 622 2826 Conone
636 2764 754 2828 Codicis
777 2769 809 2828 S
823 2767 913 2845 litigii
937 2769 1099 2845 communi,
1121 2769 1151 2829 iu
1172 2767 1230 2829 alio
1252 2778 1350 2830 tamen
1371 2770 1418 2850 qui
1453 2826 1461 2836 ,

113 2866 278 2929 habeatur
269 2887 300 2928 ιιι
313 2868 501 2948 feriaquinta
521 2869 551 2928 iu
568 2866 667 2929 ὒοιιιιι
685 2868 814 2930 Domini.
848 2869 941 2930 Porro
955 2869 1061 2930 deest
1054 2889 1082 2930 ιιι
1097 2870 1332 2948 Ricinaugieusi
1350 2871 1419 2933 Gre-

111 2971 251 3056 periano,
267 2971 423 3048 Aegiensi,
440 2970 643 3041 Sais-Gallensi
652 2987 662 3049 3
682 2971 837 3052 suppletur
850 2972 1011 3035 recentiori
1029 2992 1113 3033 manu
1129 2990 1211 3033 suec.
1223 2971 1289 3035 ΧΗ.
1304 2975 1336 3035 in
1350 2974 1420 3034 Sun-

111 3074 249 3136 Blasiuuo
270 3092 306 3134 uo
324 3072 553 3134 Petershusauo.
586 3071 657 3154 lpse
676 3072 904 3153 diligentissime
923 3076 1039 3154 inspexi
1059 3073 1197 3136 (iudicem
1215 3073 1420 3153 moguntinum

111 3187 142 3238 at
157 3195 255 3257 nequo
268 3178 297 3237 iu
312 3174 444 3254 Conone,
459 3160 516 3237 uec
529 3178 641 3256 uspiam
661 3176 754 3238 aiibi
745 3178 923 3254 investigavi
949 3177 1006 3237 hoo
1024 3175 1223 3239 Memento.
1260 3177 1418 3257 Videamus

114 3278 262 3359 quomodo
276 3278 338 3339 Viri
359 3279 447 3340 Docti
466 3278 546 3339 huno
566 3277 673 3338 nodum
694 3280 865 3359 expedient.
904 3278 1001 3340 Locus
1020 3298 1078 3358 quo
1099 3280 1232 3375 perfugit
1252 3272 1421 3342 sorsso-

113 3381 219 3456 rius,
242 3373 428 3442 librariorum
446 3389 494 3441 est
509 3381 638 3443 incuria·
660 3383 754 3441 utrix
767 3400 803 3442 ac
825 3400 864 3442 ne
880 3383 932 3442 vix
956 3381 1075 3463 quidem
1089 3381 1148 3442 lubi
1169 3381 1271 3462 potuii
1281 3383 1420 3444 librarius

115 3500 188 3544 unus
201 3481 232 3542 iu
248 3500 281 3542 re
295 3492 352 3544 tum
365 3492 465 3544 sancta
479 3490 510 3543 et
523 3483 620 3559 gravi
653 3482 782 3545 Nosti‘in
796 3483 893 3545 multis
907 3483 993 3543 libris
1013 3482 1186 3544 desiderori.
1217 3485 1423 3561 Assoron·-

113 3603 181 3647 uus
198 3585 336 3665 opinatur
347 3585 424 3647 hauc
437 3585 747 3647 commemorationem
762 3561 922 3662 excidisse,
938 3585 1016 3666 quod
1037 3586 1132 3647 adhue
1147 3604 1211 3647 mos
1231 3589 1349 3663 vigeret
1371 3586 1420 3660 ie}

47 3712 53 3721 ·
95 3687 572 3750 ·iunctorumuominaaitsroee
594 3687 771 3768 ediptyohis
789 3687 942 3750 recitandi.
975 3687 1041 3749 Hoc
1061 3704 1133 3749 saue
1154 3704 1273 3751 verum:
1300 3691 1358 3751 itur
1378 3690 1419 3750 iu·

114 3789 191 3851 dicat
203 3789 294 3872 quud
299 3791 425 3852 orationi
440 3788 517 3870 apud
530 3789 660 3851 miritos
652 3799 757 3851 uerum
771 3792 943 3871 inscriptum
959 3800 1020 3853 est·
1038 3793 1165 3870 Super
1181 3790 1421 3870 Diptyciis·
1389 3809 1421 3872 p
1421 3772 1426 3782 ⁸

112 3885 164 3949 33.
202 3894 263 3955 Sed
278 3892 348 3975 quid
363 3891 483 3952 valeat
474 3911 504 3952 ιιι
520 3891 575 3952 huc
590 3891 701 3953 lubrica
714 3894 906 3972 quaestione
927 3911 987 3954 nou
1001 3893 1152 3970 iutellige-
1185 3893 1344 3973 Diptyeiris
1359 3903 1419 3954 ute·

113 3989 219 4054 bantur
234 3997 406 4059 sacerdotes
421 3992 690 4074 quomodocunque
706 4012 755 4056 res
768 4014 802 4056 se
815 3995 972 4077 hebebant.
1008 3993 1072 4056 Etsi
1092 3995 1218 4056 formula
1236 3995 1421 4057 Commemo-

113 4094 265 4160 rationis
257 4113 286 4155 ιιι
300 4095 536 4160 sacramentario
551 4095 698 4174 descripta
711 4099 761 4174 sit,
777 4107 808 4158 ut
823 4100 970 4159 nomina
985 4108 1166 4159 mortuorum
1180 4098 1240 4159 altu
1254 4116 1332 4160 voee
1345 4099 1421 4159 reci·

112 4203 176 4255 tare
190 4196 317 4274 possint,
330 4199 466 4285 indigent
479 4196 528 4259 vel
537 4195 709 4259 tabellarum
723 4198 835 4261 illarum
849 4200 971 4277 auritio,
987 4201 1034 4261 vel
1043 4203 1161 4262 uomina
1174 4203 1300 4278 margine
1292 4200 1422 4263 habent

111 4295 272 4376 adscripta.
314 4298 562 4364 Othobouiauus
553 4318 583 4361 ru
597 4303 729 4377 margine
744 4304 874 4379 nominat
900 4301 1074 4365 Eiisordnm
1099 4303 1281 4381 episcopum,
1307 4301 1420 4366 Hodoi

113 4395 391 4476 mmmdccnoom,
411 4401 813 4480 incommomodum,
827 4402 1018 4479 Hestieriom,
1043 4403 1235 4466 Wminonem
1236 4403 1421 4483 ,Atroitusua

114 4472 279 4582 imorum,
291 4499 431 4631 Derdam,
448 4503 639 4571 iconismo·
654 4504 812 4572 Decumum
823 4512 880 4568 cto
914 4508 1008 4573 Porro
1027 4511 1144 4571 uomina
1157 4510 1292 4572 uiuorum
1308 4511 1423 4590 pmiter
