3046 4942
718 314 802 385 ‘³86

226 501 399 576 Exercino
426 508 460 570 te
483 508 640 573 creatura
662 499 744 575 salis
765 522 829 598 per
849 498 961 571 neum
983 497 1014 590 †
1035 497 1171 582 vivum,
1193 515 1262 591 per
1283 492 1424 587 Deum†

123 628 258 694 verum,
279 624 341 700 per
362 600 474 674 ileum
494 600 526 695 l
547 613 713 693 sanctum,
734 601 927 699 perideum
947 602 1055 694 quite
1076 619 1140 694 per
1162 595 1338 672 Elisaeum
1356 619 1424 693 pra

103 709 259 806 'phetam
282 708 318 776 in
338 708 460 799 aquam
482 706 566 776 mitti
585 706 695 794 iussit,
717 715 754 776 ut
776 713 955 779 sanaretur
975 703 1136 776 sterilitas
1158 721 1289 796 aquae:
1309 708 1343 770 nt
1360 697 1427 771 elle

125 812 226 885 claris
253 808 306 881 sal
331 809 565 879 exorcizatum
591 810 625 877 in
647 808 792 881 salutem
814 806 1043 879 credentium:
1066 814 1101 876 et
1124 805 1176 877 sis
1204 801 1353 874 omnibus
1372 824 1426 874 sn-

123 911 293 984 mentibus
320 918 354 981 te
377 913 503 983 sanitas
530 910 662 981 animae
683 920 717 983 et
743 912 917 1008 corporis:
949 906 1087 999 effugiat
1112 915 1220 1001 atque
1250 902 1425 979 discedata

122 1014 218 1103 loco,
243 1017 279 1086 in
304 1033 371 1108 quo
398 1034 575 1109 aspersum
599 1010 719 1103 fueris,
747 1015 856 1086 omnis
882 1010 1056 1107 phantasia
1084 1019 1118 1082 et
1141 1010 1300 1083 versutia
1323 1003 1425 1078 diabe

46 1148 47 1154 ¹
122 1116 212 1188 licae
240 1113 387 1203 fraudis,
417 1116 594 1210 omnisque
617 1116 753 1211 spiritus
775 1113 966 1187 immundus
988 1111 1162 1184 adiuratus
1188 1133 1258 1208 per
1280 1131 1356 1182 eum
1379 1110 1426 1203 qui

122 1228 289 1292 venturus
311 1226 364 1290 est
386 1217 536 1290 iudicare
557 1219 661 1290 vivos
687 1226 721 1289 et
743 1227 896 1290 mortuos
923 1225 958 1287 et
979 1213 1156 1289 saeculnm
1181 1235 1251 1311 per
1276 1215 1392 1307 ignem
1400 1207 1425 1307 ¹)

226 1318 381 1392 Oramus.
436 1318 638 1392 Immensum
668 1320 882 1392 clementiam
915 1329 1025 1406 tuam,
1059 1318 1279 1412 omnipotens
1302 1324 1425 1385 aeterne

124 1421 232 1511 Deus,
252 1421 422 1492 humiliter
440 1422 679 1518 imploramus:
697 1433 735 1494 ut
752 1422 839 1493 hano
857 1430 1047 1493 creaturam
1061 1418 1156 1506 salis,
1175 1440 1280 1513 quam
1296 1420 1330 1488 in
1341 1436 1425 1488 nsum

124 1527 264 1617 generis
286 1523 422 1594 hnmani
441 1524 603 1614 tribuisti,
625 1522 878 1615 hene†dicera
899 1533 933 1595 et
953 1518 1216 1612 sanctillicare
1235 1532 1295 1592 tua
1317 1521 1426 1616 pietate

125 1625 295 1720 digneris:
325 1635 362 1699 ut
388 1628 433 1699 sit
455 1627 611 1701 omnibus
634 1627 842 1701 sumentibus
868 1626 962 1700 salus
986 1626 1109 1698 mentis
1136 1632 1171 1694 ct
1198 1625 1426 1718 corporis2et

125 1728 288 1825 quidquid
314 1751 361 1801 ex
387 1750 430 1801 eo
455 1738 581 1802 tactum
600 1729 660 1803 vel
680 1724 877 1827 respersum
899 1728 1014 1818 fuerit,
1040 1734 1158 1798 careat
1182 1728 1278 1798 omni
1301 1729 1426 1796 immun

124 1828 217 1922 ditia,
236 1833 396 1929 omnique
416 1833 670 1929 impugnatione
689 1831 873 1931 spiritualis
894 1833 1074 1931 nequitiae.
1109 1829 1180 1902 Per
1202 1822 1427 1922 Dominum¹)

549 2002 835 2079 Exorcismus
861 2026 1007 2099 aquae.

74 2214 81 2220 ,
226 2136 400 2210 Exerciuo
422 2148 457 2208 te
476 2150 655 2212 creaturae
678 2156 787 2234 aquae
810 2140 998 2209 innomine
1020 2138 1085 2209 Dei
1102 2134 1136 2227 †
1155 2135 1265 2210 Patris
1283 2137 1429 2231 omnipo-

124 2242 246 2329 tentis,
277 2242 312 2311 in
338 2240 473 2311 nomine
500 2239 580 2316 lesu
606 2243 637 2336 †
666 2239 791 2314 Christi
815 2239 1016 2333 Filiieius,
1049 2239 1189 2313 Domini
1211 2241 1316 2312 nostri
1342 2249 1375 2309 et
1396 2240 1429 2307 in

123 2344 250 2416 virtute
277 2339 423 2439 Spiritus
444 2343 476 2438 †
499 2340 633 2418 Sancti:
662 2354 698 2417 ut
724 2342 785 2421 fias
812 2366 899 2439 aqua
927 2346 1123 2415 exorcizata
1152 2341 1197 2415 ad
1222 2340 1429 2434 ellugandam

123 2466 258 2519 omnem
281 2455 486 2541 potestatem
506 2449 630 2520 inimici
656 2459 691 2521 et
716 2451 827 2544 ipsum
848 2449 1018 2518 inimicum
1041 2445 1222 2519 eradicare
1244 2455 1278 2516 et
1296 2444 1429 2540 explan-

123 2558 198 2620 tare
231 2549 351 2621 valeas
384 2571 460 2621 cum
494 2551 626 2646 angelis
659 2553 730 2625 suis
758 2552 975 2645 apostaticis:
1012 2571 1075 2645 per
1097 2550 1261 2620 virtutem
1287 2547 1428 2620 eiusdem

124 2650 262 2723 Domini
282 2653 391 2722 nostri
411 2650 491 2725 Iesu
512 2653 649 2741 Christi,
671 2656 728 2748 qui
748 2660 912 2726 venturus
934 2663 987 2727 est
1003 2650 1156 2724 iudicare
1172 2653 1281 2723 vivos
1299 2660 1332 2721 et
1348 2670 1427 2722 mor·

122 2762 202 2829 tuos
226 2762 260 2823 et
281 2752 457 2822 saeculum
479 2776 542 2849 per
564 2757 687 2845 ignem.
735 2750 899 2852 Amen.³)

226 2850 380 2923 Oramus.
425 2852 519 2927 Deus
542 2857 598 2949 qui
620 2852 828 2929 adsalutem
851 2855 986 2929 humani
1008 2857 1146 2949 generis
1164 2857 1318 2927 maxima
1337 2873 1423 2948 quae-

123 2975 191 3050 que
217 2951 437 3029 Sacramenta
464 2959 499 3027 in
521 2979 684 3053 aquarum
705 2957 891 3032 substantia
913 2960 1108 3033 condidisti:
1131 2956 1255 3037 adesto
1274 2958 1423 3054 propitias

121 3054 396 3145 invocationibus
419 3053 598 3133 nostriset
618 3059 788 3132 elemento
810 3060 901 3151 huic,
920 3060 1126 3135 multimodis
1147 3056 1422 3156 purificationibus

121 3168 341 3256 praeparato,
364 3164 523 3234 virtutem
545 3173 625 3235 tuae
647 3161 942 3257 bene†diotionis
962 3163 1119 3236 infunde:
1140 3173 1177 3234 ut
1200 3173 1358 3235 creatura
1376 3172 1422 3231 tna

122 3263 296 3358 mysteriis
315 3265 380 3337 tuis
402 3269 573 3356 serviens,
594 3265 637 3337 ad
656 3265 845 3359 abigendos
864 3265 1061 3356 daemones,
1079 3265 1291 3360 morbosque
1308 3264 1421 3362 pellen-

123 3363 200 3453 dos,
227 3362 362 3437 divinae
388 3371 521 3460 gratiae
546 3377 657 3443 sumat
683 3367 859 3440 effectum:
887 3381 923 3441 ut
950 3368 1111 3466 quidquid
1136 3370 1171 3441 in
1199 3368 1354 3441 domibus
1373 3360 1421 3434 uel

122 3469 158 3539 in
183 3467 271 3540 locis
299 3465 448 3541 bdelium
474 3471 561 3567 baec
581 3470 671 3542 nuda
691 3475 932 3567 resperserint,
961 3483 1076 3544 careat
1097 3473 1189 3543 omni
1216 3468 1420 3551 immunditia,

122 3569 288 3642 liberetur
320 3593 340 3640 a
373 3594 483 3644 noxa:
512 3596 581 3645 non
609 3572 681 3645 illic
709 3572 858 3646 resideat
883 3577 1019 3671 spiritus
1041 3573 1230 3671 pestilens,
1265 3596 1334 3645 nou
1350 3587 1418 3640 aura

122 3694 365 3771 corrumpens:
394 3674 569 3749 discedant
596 3697 715 3750 omnes
737 3676 879 3751 insidiae
905 3677 1041 3750 latentis
1067 3678 1214 3748 inimici:
1240 3688 1279 3749 et
1303 3667 1418 3767 siquid

193 3926 222 4000 1)
245 3930 384 3988 benedict.
408 3931 548 3989 Constant
569 3933 751 3991 Benedico
774 3942 816 3991 te.
852 3934 933 4005 (ἕως.
956 3935 1015 3991 ilat.
1036 3933 1153 4004 August.
1170 3931 1312 3993 Comum
1325 3926 1422 3988 nante

124 4013 187 4070 anni
203 4014 271 4071 1497
286 4017 326 4073 ab
342 4032 383 4073 eo
401 4016 494 4074 loco.
523 4018 608 4091 Grag.
626 4036 800 4093 aspersus
815 4020 931 4091 August.
947 4018 1063 4075 luerit

195 4097 227 4174 ἲ)
242 4100 327 4156 conv.
344 4102 491 4174 praemittit
505 4103 642 4161 Orationi:
658 4106 785 4162 Dominus
801 4106 939 4161 vobiscum
955 4111 1007 4161 eto.
1022 4104 1137 4174 August.
1147 4111 1311 4176 praetereo:
1324 4098 1423 4159 Domino

125 4181 222 4240 exandi
245 4187 397 4244 orationem
420 4204 504 4246 meam
526 4199 554 4247 et
576 4190 680 4247 clamor
702 4209 777 4248 meus
792 4190 827 4246 sd
844 4197 872 4247 ta
886 4190 1032 4246 veniat-
1046 4188 1118 4260 Aug.
1133 4189 1280 4261 implor.
1295 4205 1334 4245 ac
1347 4183 1422 4260 patl-

125 4283 195 4324 mus
210 4269 327 4342 quidq.
346 4288 388 4328 eo
405 4280 533 4331 tactum
562 4276 728 4348 Gregdng.
746 4276 818 4332 ldiss.
836 4274 911 4332 149⁷.
928 4273 1123 4347 spiritalis.
1150 4270 1229 4347 (Vox
1246 4275 1319 4331 enim
1332 4267 1423 4344 spiri

125 4352 201 4407 tusl
212 4353 245 4411 is
260 4361 315 4410 mm
329 4357 439 4414 horrida
453 4367 497 4418 est
511 4369 591 4435 atque
605 4361 720 4418 barbaro
734 4367 763 4416 ut
778 4360 866 4433 ipsam
880 4367 1040 4433 aspernetur
1055 4359 1174 4416 enclesis
1188 4360 1224 4417 ad
1240 4359 1376 4418 soeculum
1388 4371 1423 4410 m·

126 4450 178 4505 que
192 4436 324 4495 decimum
340 4443 466 4517 sextum).

195 4515 506 4596 ³)Greg.lliss.1497.
535 4529 607 4601 Aug.
624 4530 717 4589 cnmt.
736 4537 773 4588 et
795 4530 830 4588 in
852 4528 1000 4590 nomine.
1029 4528 1112 4600 orep.
1127 4546 1180 4587 om.
1199 4537 1233 4588 et
1251 4531 1288 4587 in
1304 4524 1424 4585 virtuts

124 4603 179 4677 sp.
194 4622 217 4662 s.
233 4608 300 4665 stin
316 4610 490 4681 'sequentibus
505 4613 639 4673 valeas.
