3060 4934
807 301 881 371 348

191 501 274 564 minis
289 513 408 578 quarum
422 511 480 554 una
492 494 522 553 in
536 492 723 554 extremitate
736 490 907 552 coemeterii
920 496 991 550 ante
1003 505 1119 549 crucem
1134 486 1259 549 mediam
1272 488 1331 549 elia
1346 490 1377 548 io
1389 489 1496 551 clism-

160 595 165 601 ’
190 602 335 665 tremitate
357 595 501 658 adextris
516 602 546 654 et
560 604 660 674 quarta
674 595 703 654 iu
717 602 819 672 quarta
833 592 1021 653 extremitate
1039 590 1241 651 coemeteriis
1257 591 1393 652 sinistris
1408 593 1494 653 crucis

131 709 135 721 “
191 701 305 765 mediae
329 707 359 759 et
380 707 449 759 ente
463 695 625 776 quamlibet
638 714 677 756 ex
689 695 775 755 dictis
789 696 920 775 quinque
933 689 1069 753 crucibus
1084 693 1204 772 positor
1216 709 1270 752 sen
1284 692 1388 770 ligitur
1400 693 1431 752 in
1444 702 1492 753 ter·

191 823 251 865 ram
270 800 388 880 aliquod
412 799 524 875 lignum
545 797 575 857 in
597 797 660 856 eius
680 798 845 857 summitate
862 804 960 875 aptum
975 792 1010 853 ad
1024 793 1203 870 affigendum
1218 792 1263 853 illi
1276 802 1340 854 tres
1354 793 1492 866 candelas,

190 906 276 967 trium
291 903 438 963 unciarum
452 897 614 978 quemlibet
628 895 779 977 vileires,
800 897 879 959 secla
894 912 1083 977 superquam
1100 894 1265 957 ascendens
1277 895 1421 958 Pontifex
1433 913 1491 976 poc

101 1022 107 1041 ¹
191 1008 230 1068 sit
248 1005 397 1081 attingere
420 1000 600 1062 summitates
618 1001 747 1079 ipserum
768 1001 918 1076 crucium,
939 1015 992 1057 vas
1008 1015 1144 1074 magnum
1157 1014 1232 1076 aque
1245 998 1370 1077 plenum
1382 996 1490 1059 benedi·
1526 1004 1528 1013 '

189 1107 285 1169 cenula
300 1113 330 1165 et
343 1123 394 1165 vas
409 1118 473 1164 cum
485 1101 558 1163 sale.
583 1100 669 1162 Hane
684 1119 757 1163 aero
772 1087 952 1186 Pontifexl)
966 1100 996 1159 in
1009 1100 1142 1160 sacristia
1156 1100 1414 1180 pamtusamictu,
1425 1097 1491 1172 albu,

191 1206 324 1285 cingulo,
336 1205 424 1280 stola,
437 1203 559 1283 pluviali
568 1202 626 1263 albi
636 1203 850 1278 coloris‚mitra
860 1200 985 1282 simplici
996 1200 1138 1263 etbaculo
1149 1200 1305 1280 pastorali,
1314 1200 1429 1262 accedit
1437 1216 1490 1261 cun

153 1337 157 1346 ·
191 1307 332 1371 ministris
345 1305 380 1366 ad
395 1304 605 1365 coemeterium
618 1302 863 1381 benedicendum,
878 1302 927 1363 ubi
941 1301 1135 1362 faldistorium
1149 1311 1218 1363 ante
1230 1319 1351 1362 crucem
1364 1304 1393 1362 in
1405 1301 1489 1363 media
1526 1366 1528 1371 ,

191 1409 317 1489 positam
329 1405 387 1467 sibi
400 1414 529 1485 paratur,
541 1422 632 1485 snper
645 1422 704 1484 quo
720 1405 853 1467 residens
867 1405 938 1465 iacit
951 1402 1063 1484 populo
1078 1394 1199 1465 brevem
1211 1403 1428 1466 sermonemde
1438 1420 1490 1463 sae

191 1511 292 1570 etitate
308 1516 338 1567 et
350 1506 488 1567 libertate
502 1508 682 1566 coemeterii.
731 1507 797 1581 Quo
812 1507 890 1567 lacto
905 1506 1064 1584 alligantur
1079 1513 1108 1565 et
1121 1505 1324 1566 accenduntur
1337 1504 1491 1584 quindecin

190 1608 348 1686 mnddae,
363 1617 425 1670 tres
438 1616 506 1671 ante
520 1606 680 1687 quamlibet
693 1624 809 1668 crucem
822 1625 912 1687 super
926 1606 1005 1685 ligna
1023 1615 1054 1667 ut
1067 1624 1156 1686 supra
1169 1605 1322 1684 ordinata,
1337 1606 1443 1686 qclbns
1455 1623 1489 1665 sr·

190 1711 328 1775 dentibus
341 1709 480 1771 Pontilex
493 1716 560 1770 ante
574 1708 698 1769 mediam
713 1727 830 1770 cmcem
845 1718 876 1769 et
889 1707 1025 1769 candelas
1039 1717 1136 1782 stans,
1150 1707 1285 1786 deposita
1299 1710 1387 1770 mitra
1400 1708 1475 1769 dicit:

293 1805 437 1876 Oremca.
484 1800 706 1896 Omnipotens
725 1799 821 1874 Deus
849 1803 906 1894 qui
934 1822 973 1874 es
995 1809 1112 1872 custos
1133 1803 1321 1871 animarum
1342 1810 1378 1872 et
1398 1797 1489 1871 tutela

189 1906 307 1977 salutis
330 1902 397 1972 fide
419 1902 643 1990 credentium,
665 1904 801 1995 respice
827 1903 993 1996 propitius
1016 1901 1059 1971 ad
1081 1909 1220 1973 nostrae
1247 1904 1424 1974 servitutis
1449 1897 1488 1970 oi·

189 2004 314 2091 ficium,
337 2012 374 2073 ut
396 2002 438 2071 ad
458 2004 630 2071 introitum
650 2011 804 2074 nostrum
824 2010 1005 2096 purgetur,
1027 2002 1117 2073 bene
1131 1999 1162 2092 †
1178 2002 1323 2090 dicatur,
1347 1997 1486 2088 saneti†

188 2104 309 2174 beetur
330 2111 363 2172 et
384 2123 490 2172 conse
505 2097 536 2189 †
553 2111 667 2171 eretur
689 2101 756 2171 hoc
776 2104 1033 2186 coemeterium,
1056 2111 1091 2172 ut
1110 2103 1255 2173 humana
1277 2125 1426 2199 corpora
1444 2101 1487 2172 lic
1522 2100 1525 2111 “

108 2274 111 2279 .
189 2212 267 2300 post
293 2204 384 2272 uitae
408 2223 544 2271 cursum
567 2204 790 2294 quiescentia,
812 2205 846 2272 in
866 2224 991 2293 magno
1014 2203 1129 2273 iudicii
1151 2203 1206 2273 die
1225 2205 1328 2276 simul
1352 2227 1426 2276 cum
1446 2202 1485 2272 ic-

190 2303 310 2377 licibus
340 2300 515 2374 animabus
542 2313 738 2373 mereantur
770 2303 912 2398 adipisci
942 2305 1036 2374 vitae
1061 2305 1223 2399 perennis
1247 2305 1384 2397 gaudia.
1431 2304 1485 2377 Per

190 2403 369 2478 Christum.
413 2408 456 2494 lp.
484 2403 607 2474 Amen.
616 2400 648 2489 ²)
1526 2396 1528 2405 '

290 2514 327 2575 Et
341 2533 410 2575 mox
427 2524 495 2575 ante
509 2516 601 2595 ipsam
617 2533 733 2575 crucem
751 2531 842 2593 super
854 2512 1021 2574 faldistorio
1038 2514 1177 2575 Pontilex
1190 2523 1313 2594 accepta
1329 2517 1430 2593 mitre,
1449 2532 1482 2574 rc·

189 2614 316 2691 cambit,
343 2624 372 2675 et
396 2623 498 2677 cantor
518 2616 622 2696 incipit
642 2624 672 2675 et
693 2615 881 2695 prosequitur
894 2614 1030 2701 litanias.
1069 2612 1200 2695 Cumque
1219 2613 1328 2677 dietum
1345 2616 1434 2678 luerit
1451 2603 1484 2676 Ut

189 2706 345 2779 omnibus
366 2704 523 2778 fidelibus
542 2725 599 2777 etc.
631 2710 674 2796 liz.
694 2704 745 2775 'le
758 2727 921 2796 rogamus
936 2705 1015 2777 audi
1027 2727 1101 2779 nos.
1137 2714 1278 2778 Pontifex
1291 2720 1391 2796 surgit
1402 2718 1437 2780 ab
1449 2731 1483 2776 sc·

190 2814 288 2876 cubitu
313 2823 343 2874 et
363 2813 497 2875 baculum
517 2817 695 2894 pastoralem
715 2817 744 2874 in
766 2816 885 2877 sinistra
900 2827 1004 2878 tenens
1017 2817 1155 2897 producit
1169 2819 1284 2896 signum
1299 2821 1396 2882 crucis
1409 2833 1483 2900 supet
1526 2836 1528 2849 ¹

190 2916 398 2977 coemeterium
418 2915 518 2977 dicens
536 2917 631 2997 primo
655 2905 700 2978 Ut
718 2906 785 2978 hoe
808 2911 1051 2980 coemeterium
1074 2931 1224 3004 purgare
1245 2920 1279 2981 et
1301 2909 1484 3007 bene†di·

189 3029 269 3078 cero
292 3006 453 3097 digneris.
495 3015 538 3101 lp.
560 3007 611 3080 Te
632 3031 794 3101 rogamus
816 3008 896 3092 audi
917 3032 990 3084 uos.
1027 3020 1165 3083 secundo
1184 3020 1254 3082 dicit
1272 3010 1319 3085 Ut
1334 3012 1402 3086 hoc
1419 3032 1483 3086 coe

188 3110 365 3178 meterium
392 3130 543 3205 purgare
564 3108 652 3182 bene
676 3109 708 3200 †
732 3111 848 3183 dicere
871 3122 905 3184 et
927 3114 1034 3185 saneti
1056 3111 1088 3204 †
1111 3112 1216 3184 licare
1238 3114 1403 3207 digneris
1451 3116 1485 3204 b·

189 3207 240 3278 'le
265 3229 429 3300 rogamus
456 3211 534 3282 audi
561 3232 635 3284 nos.
684 3221 785 3283 'lenio
807 3221 878 3284 dicit
903 3212 948 3284 Ut
971 3212 1038 3285 hoc
1064 3217 1309 3287 coemeterium
1334 3233 1486 3312 purgare,

186 3308 326 3402 bene†
350 3309 478 3401 dicere,
500 3315 607 3387 saneti
630 3311 661 3404 †
684 3313 788 3384 licere
811 3323 845 3385 et
865 3334 971 3387 conse
994 3312 1026 3403 †
1048 3337 1147 3387 crare
1170 3317 1333 3409 digneris.
1363 3322 1421 3415 ll.
1448 3313 1487 3386 'le

188 3432 350 3503 rogamus
376 3414 455 3485 audi
475 3437 549 3489 nos.
597 3425 663 3499 ouo
685 3423 764 3486 lacto
784 3425 862 3487 redit
883 3425 918 3488 ad
932 3424 1114 3504 accubitum,
1135 3434 1256 3490 cantore
1269 3425 1400 3491 Litaniss
1412 3424 1488 3509 perd·

188 3523 295 3584 ciente.
315 3521 429 3597 Quibus
445 3526 533 3587 linitis
547 3527 642 3604 surgit
656 3544 720 3586 cnm
735 3528 820 3587 mitra
833 3526 870 3588 ab
882 3527 1017 3588 accubitu
1024 3528 1164 3592 l’ontilex
1177 3539 1207 3591 et
1214 3531 1388 3592 stanciuxta
1397 3544 1489 3610 squau

187 3623 295 3685 ibidem
309 3624 339 3683 in
353 3642 425 3685 vase
440 3637 568 3704 paratam
581 3626 731 3689 benedicit
746 3646 809 3688 eam
827 3637 859 3689 et
870 3628 913 3688 sal
927 3628 1111 3709 simpliciter,
1127 3639 1157 3691 et
1169 3631 1317 3693 accedens
1331 3631 1368 3693 ad
1381 3644 1490 3693 crucan

187 3734 255 3786 ante
272 3723 395 3786 mediam
411 3729 538 3804 positam
552 3731 636 3790 mitm
650 3729 758 3790 ibidem
772 3729 924 3810 deponite,
947 3729 1068 3792 inchoat
1081 3730 1184 3793 schola
1197 3741 1403 3812 persequente
1416 3729 1491 3794 Anti·

187 3823 313 3904 phorom
331 3816 512 3911 Asperges
531 3840 586 3892 me
608 3818 754 3891 Domine
775 3820 928 3916 hyssopo
951 3831 985 3893 et
1006 3821 1208 3912 mundabor,
1229 3822 1365 3898 lavabis
1388 3830 1492 3896 meet

186 3920 428 4010 supernivem
450 3916 645 3993 dealbabor.
688 3922 847 3995 Psalmo.
891 3918 1058 3996 Miserere
1076 3927 1145 3995 mei
1166 3949 1239 3997 cem
1260 3921 1392 3998 Gloria.
1432 3934 1491 4012 qno

250 4113 279 4191 l)
293 4117 475 4174 Bsmlialdus:
495 4082 672 4179 Uniformiter
685 4141 718 4180 se
731 4125 814 4182 habet
827 4125 986 4183 Benedictio
1002 4125 1166 4185 Goemeterii
1181 4143 1213 4183 sc
1229 4128 1394 4187 Benedictio
1408 4128 1490 4186 soce

185 4197 255 4269 aises
266 4206 347 4272 atque
363 4201 460 4259 eodem
474 4208 555 4275 pacto
570 4220 624 4275 quo
638 4205 761 4278 delegari
776 4217 867 4282 potest
880 4210 995 4283 simplex
1008 4211 1143 4269 Sacerdos
1157 4211 1192 4267 ab
1206 4211 1347 4287 Episcopo
1361 4214 1400 4270 ed
1413 4215 1489 4271 bene-

160 4332 161 4336 ,
185 4279 326 4340 dicendam
347 4286 417 4342 banc
437 4287 584 4360 seperatim
604 4295 632 4345 et
653 4290 688 4348 de
701 4308 752 4364 per
765 4311 814 4364 se,
832 4295 870 4352 ita
884 4293 1016 4353 destinari
1030 4301 1122 4368 potest
1135 4296 1170 4353 sd
1186 4296 1406 4356 benedicendum
1419 4289 1489 4364 illul,

183 4376 244 4419 cum
264 4382 314 4438 per
329 4368 401 4425 ratio
415 4369 452 4425 sit
464 4371 535 4428 inter
548 4372 600 4429 ieta
616 4372 670 4430 duo
684 4375 745 4431 loca
759 4393 855 4449 sacre,
876 4385 905 4436 et
917 4379 971 4437 iste
985 4381 1076 4438 veniat
1089 4381 1118 4438 in
1133 4383 1358 4455 consequentism
1372 4381 1488 4445 stemus

186 4451 305 4514 maniis
319 4451 348 4507 dl
363 4453 478 4509 seorsim
493 4455 707 4517 benedicendus.

246 4527 279 4607 2)
292 4533 404 4603 Legitur
419 4535 540 4594 collecte
554 4539 583 4596 in
598 4541 800 4599 lentillcslibus
815 4541 931 4612 llqberti
946 4552 974 4601 et
990 4544 1120 4604 Dorcadi.
