3046 4942
731 293 807 363 250

213 463 310 539 Vere
344 468 483 573 diguam
510 479 545 541 et
576 472 699 543 iustum
725 484 797 561 est,
830 495 977 569 aequum
1003 484 1038 546 et
1073 475 1246 562 saturne,
1274 497 1337 548 nos
1359 476 1404 547 tibi

109 588 250 663 semper
277 582 313 645 et
332 568 472 667 ubique
479 573 606 663 gratias
631 594 751 664 agere,
773 576 921 647 Domine
943 587 1061 650 sancte
1079 577 1183 647 Pater
1207 579 1404 672 omnipotens

110 679 256 745 aeterne
270 673 379 762 neus,
401 674 566 745 bonorum
588 677 735 745 omnium
763 676 962 769 dignitatum
987 699 1074 772 quae
1096 677 1232 769 gloriae
1258 690 1338 750 tuae
1354 690 1403 751 etc

113 784 267 863 usquead
288 776 449 867 unguenti
470 795 552 844 rore
577 775 750 847 sanctifica
777 796 809 849 ιι
827 805 856 868 p.
876 783 950 851 217.

218 886 251 951 0.
266 887 350 948 deris
362 884 490 963 panibus
506 902 612 946 versus
625 886 660 946 ad
674 887 767 949 altare
779 889 895 968 incipit,
909 889 1160 970 prosequentibus
1174 889 1313 967 bpmnum
1332 879 1403 951 Veni

113 988 253 1051 crentur
269 978 403 1074 spiritus
417 994 448 1047 ct
460 984 567 1046 dicitur
580 1005 674 1066 usque
689 988 725 1048 ad
739 989 826 1050 sanem
842 1000 929 1068 prout
941 990 1066 1053 babetur
1080 1008 1169 1071 supra
1188 994 1219 1052 in
1233 990 1402 1053 ordinatiore

111 1085 295 1166 Presbyteri.
334 1086 431 1149 Finito
446 1088 542 1168 primo
555 1106 643 1149 versu
659 1087 691 1149 G.
707 1090 847 1169 pollicem
860 1111 943 1153 suum
957 1091 1111 1153 dexteram
1128 1094 1250 1170 intingit
1263 1095 1294 1153 in
1307 1112 1401 1155 sacrun

113 1185 247 1253 Gbrisma
267 1200 297 1253 et
318 1196 404 1268 caput
417 1187 513 1249 dilecti
537 1207 636 1250 coram
656 1210 690 1251 se
714 1191 866 1268 genuflexi
888 1195 1023 1270 inungit,
1044 1193 1175 1255 iormaus
1188 1196 1287 1273 primo
1304 1196 1401 1271 sigum

112 1292 210 1349 crucis
224 1309 278 1369 per
292 1298 380 1350 totam
394 1308 553 1368 caronam,
577 1291 684 1352 deinde
697 1292 841 1372 reliquum
856 1312 987 1357 coronae
999 1294 1149 1371 liniendo,
1169 1296 1289 1355 interim
1306 1297 1401 1357 dicens:

111 1378 265 1472 Ungatur
286 1392 321 1453 et
341 1392 563 1455 consecretur
581 1393 683 1477 caput
702 1394 797 1455 tuum
817 1386 962 1459 coelesti
981 1386 1223 1459 benedictione
1242 1390 1279 1459 iu
1301 1387 1401 1460 ordine

109 1481 302 1575 pontificale
355 1490 393 1553 tn
411 1492 578 1602 producens
599 1511 684 1555 manu
703 1494 827 1556 dextera
847 1498 935 1557 tertio
956 1499 1073 1574 signans
1098 1501 1196 1557 crucis
1221 1517 1314 1577 super
1332 1506 1401 1576 caput

110 1591 207 1655 litecti
221 1593 305 1656 dicit:
327 1583 367 1655 ln
388 1588 524 1655 nomine
543 1582 701 1675 Pa†tris
728 1597 762 1658 ot
787 1585 913 1678 Fi†lii
934 1596 968 1659 et
990 1586 1185 1687 Spiri†tas
1205 1587 1399 1679 Sandili

111 1685 233 1761 Auen
284 1687 359 1757 Pax
383 1686 452 1757 tibi.
492 1693 535 1777 ip.
579 1686 721 1759 Etcum
747 1689 875 1784 Spiritu
895 1699 965 1761 tuo.

213 1796 339 1877 Expleta
361 1799 517 1874 unctione,
539 1795 572 1859 G.
586 1800 682 1875 surgit
695 1801 747 1859 et
739 1819 767 1859 ιιι
782 1802 906 1880 pristina
921 1818 997 1861 roce
1011 1801 1217 1880 prosequitur:
1245 1791 1322 1863 Hoc
1345 1791 1401 1861 Du-

112 1893 201 1963 miue
222 1893 364 1984 copiose
383 1900 447 1961 etc.
468 1918 560 1978 usqae
583 1899 617 1959 ad
640 1899 698 1961 tua
717 1893 827 1982 gratia
848 1896 957 1986 possit
978 1914 1056 1965 esse
1077 1892 1226 1965 devotus
1253 1913 1285 1962 ιι
1303 1898 1403 1982 pile.

112 2002 225 2065 Deinde
242 2001 386 2062 submissa
405 2019 481 2061 voce
500 2000 571 2061 dicit
591 2000 740 2077 legendo,
761 2002 800 2062 ita
821 2001 899 2081 quod
913 2021 930 2063 a
944 2002 1199 2063 circumstantibus
1212 2005 1308 2065 audiri
1323 2005 1405 2085 possit

111 2096 178 2169 Per
199 2093 381 2165 Dominum
403 2102 557 2164 nostrum
578 2090 691 2164 lesum
714 2092 883 2165 Christum
906 2093 1010 2164 filium
1032 2104 1126 2165 tuum
1148 2098 1208 2189 qui
1228 2105 1341 2167 tecam
1362 2099 1404 2166 vi-

110 2198 160 2269 vit
193 2206 228 2267 et
254 2205 375 2286 regnat
403 2197 439 2265 in
466 2194 594 2264 unitate
618 2192 763 2291 Spiritus
790 2193 906 2266 Sancti
925 2194 1020 2269 Deus
1043 2217 1107 2291 per
1134 2198 1246 2267 omnia
1272 2197 1406 2271 saecula

108 2296 334 2373 saeculorum
384 2303 426 2387 ib.
453 2295 577 2364 Amen.

209 2407 279 2467 Post
300 2405 421 2468 bacci).
442 2404 560 2466 inchoat
577 2404 679 2466 ecbola
693 2413 893 2485 prosequente
907 2403 1120 2483 Antipbouam:
1141 2394 1386 2488 Unguentum
1378 2420 1408 2467 tu

64 2530 68 2537 ·
108 2502 217 2597 capite
244 2498 335 2592 quod
360 2497 570 2569 descendit
562 2518 595 2567 m
621 2496 779 2585 barbam7
801 2496 939 2567 barbam
965 2496 1099 2583 Aaron,
1122 2498 1215 2591 quod
1238 2498 1407 2571 descendit

106 2604 142 2675 in
159 2623 255 2674 oram
278 2601 473 2673 vestimenti
494 2601 587 2669 eius·
610 2598 783 2669 mandavit
800 2597 967 2668 Dominus
987 2596 1297 2669 benedictionem
1287 2622 1323 2670 m
1341 2623 1406 2673 eae-

107 2704 229 2777 cuium
280 2702 374 2771 Ecce
396 2722 496 2794 quam
523 2699 649 2769 bonum
671 2708 706 2768 et
731 2697 914 2769 iucundum
934 2697 1059 2771 iratres
1081 2692 1294 2771 habitarem
1313 2720 1404 2772 unam

107 2814 171 2877 etc
225 2812 377 2872 Recitator
392 2810 522 2871 Psaimus
536 2805 598 2868 132
611 2819 642 2871 et
654 2808 763 2869 deinde
777 2810 997 2889 repetitur-tota
1010 2808 1183 2890 Autipbona
1196 2801 1403 2895 Unguentum

107 2909 142 2981 in
169 2907 305 3000 capite
303 2912 367 2973 etc.

207 3016 328 3092 incepta
342 3012 511 3092 Antipbona
526 3009 559 3071 C.
574 3010 679 3073 Electa
694 3011 785 3072 ante
776 3029 870 3091 ipsum
888 3010 1074 3087 genuflexo
1066 3013 1184 3088 inungit
1196 3012 1300 3075 ambas
1318 3031 1402 3075 manus

106 3116 207 3181 simui.
213 3118 328 3175 iunctas
347 3133 411 3175 carn
428 3112 622 3174 chrismate
613 3132 643 3173 ιιι
664 3108 786 3173 moduni
801 3113 915 3189 crucis,
941 3111 1131 3190 producendo
1152 3130 1218 3173 cam
1236 3116 1400 3195 poiiicesro

106 3219 231 3282 dextero
254 3218 377 3278 intincto
398 3216 469 3276 duas
492 3215 603 3290 tineas,
624 3213 765 3274 videlicet
780 3232 797 3273 a
812 3214 923 3293 pollice
940 3212 1082 3274 dexterae
1096 3231 1198 3275 manus
1212 3234 1310 3296 usqae
1323 3215 1377 3275 ad
1368 3233 1399 3273 ιι

105 3322 198 3383 dicem
220 3319 357 3378 sinistrae
372 3327 402 3377 ct
415 3337 430 3395 a
445 3316 555 3397 pollice
570 3318 706 3376 sinistrae
721 3333 812 3393 usque
825 3314 861 3375 ad
875 3313 1000 3405 indicem
1013 3313 1156 3401 dexterae
1171 3323 1201 3375 et
1216 3336 1288 3377 mor
1302 3314 1399 3391 inuaqit

104 3416 236 3487 mtatiter
256 3418 366 3498 palmas
389 3416 485 3479 ntecu
505 3417 622 3477 uticem:
647 3406 826 3499 Ungantur
847 3424 967 3477 manus
987 3394 1072 3478 istae
1099 3406 1142 3476 de
1163 3406 1258 3481 oleo
1269 3402 1398 3480 sanctii-

104 3523 181 3589 cato
209 3520 243 3580 et
262 3506 452 3581 chrismate
472 3507 762 3596 sanctificationis,
780 3511 866 3581 sicut
886 3509 983 3577 unxit
1002 3504 1141 3579 Samuel
1160 3508 1277 3579 David
1296 3500 1397 3601 regen

50 3688 55 3703 ,
103 3625 139 3688 et
160 3611 385 3707 prophetam,
403 3613 448 3680 ita
469 3620 640 3701 ungantur
660 3621 694 3681 et
713 3618 968 3680 consecrentur
1009 3616 1231 3698 Etprodaesm
1244 3619 1396 3679 manuter-

103 3736 167 3789 ters
186 3728 231 3782 tei
253 3739 369 3798 siguum
384 3738 479 3791 crucis
493 3738 584 3799 super
597 3739 698 3780 manus
711 3719 807 3780 Electa
822 3717 913 3780 dicit:¹
931 3708 970 3778 ln
995 3712 1133 3779 nomine
1153 3708 1278 3801 Ueii·
1307 3709 1396 3782 Patris

103 3828 156 3893 et
150 3796 289 3905 F'iilii
316 3822 351 3883 ot
373 3810 518 3906 Spiritus
539 3809 569 3902 †
595 3810 711 3882 Sancti
737 3809 937 3913 iacientes
929 3812 1109 3902 imaginem
1137 3821 1280 3882 sanctae
1303 3810 1395 3882 crucis

102 3918 296 3999 salvatoris
317 3915 425 3985 nostri
447 3912 524 3986 lcsu
548 3910 673 3983 Christi
694 3915 751 4005 qui
770 3900 834 3983 rios
855 3933 874 3979 a
896 3921 1006 3981 morte
1015 3911 1170 3981 redemit
1190 3922 1227 3982 et
1247 3913 1291 3983 ad
1307 3928 1394 4001 regnu

102 4020 282 4097 coelorum
308 4015 477 4111 perduxit.
530 4013 667 4083 Exaudi
691 4034 756 4085 uos
776 4013 852 4106 pio,
881 4011 984 4081 Pater
1011 4014 1248 4106 omnipotens,
1275 4024 1394 4095 aeterne

103 4126 199 4201 Deus
233 4128 267 4189 et
292 4127 451 4213 praesta,
484 4126 522 4187 at
547 4115 657 4209 quod
664 4125 700 4185 te
722 4133 898 4204 rogamus,
925 4133 1121 4217 oneremus
1176 4114 1247 4187 Per
1267 4112 1392 4186 eunden

100 4224 274 4303 christum
297 4221 479 4291 Dominum
501 4227 663 4290 nostrum.
709 4219 752 4306 Iti.
775 4213 898 4285 Αιιιιιιι.
907 4206 954 4309 l)
993 4276 999 4303 ,

162 4454 413 4535 l)dntiquissimis
433 4444 602 4527 temporibus
621 4452 713 4507 unctio
736 4449 918 4507 sacerdotalis
935 4447 1199 4505 suffecisseuidetur
1216 4444 1389 4521 nequeitcni!

71 4558 163 4611 'erse
175 4548 201 4605 in
217 4542 417 4615 Episcoporam
433 4538 651 4597 consecratione·
671 4520 765 4607 Neque
778 4530 852 4591 aiiu'd
870 4527 935 4609 qaid
948 4533 1064 4607 probant
1075 4531 1131 4589 loci
1146 4532 1247 4589 boonis
1257 4525 1390 4603 atqaetre·
1435 4558 1439 4572 ι
