3060 4934
235 431 534 510 GALLIGANUS.

895 443 1237 520 MOZARABIOUS.

801 566 923 638 Postea
939 567 1029 638 diem
1040 565 1234 660 Presbyter:
1257 563 1381 637 Eccle-

750 670 836 743 siam
857 675 1009 740 sanctam
1028 667 1229 739 catholicam
1249 670 1285 738 in
1307 689 1383 739 ora·

749 768 899 843 tionibus
919 772 955 840 in
980 780 1095 842 menta
1119 768 1325 856 habeamus,
1347 778 1383 840 ut

750 894 826 944 eam
838 871 1005 946 Dominus
1023 870 1095 944 fide
1113 881 1148 944 et
1166 893 1227 968 spe
1249 880 1284 943 et
1298 873 1384 942 cari-

748 984 818 1046 tate
837 977 1005 1070 propitius
1028 974 1192 1071 ampliate
1215 973 1383 1067 dignetur.

751 1073 878 1150 Omnes
892 1077 1023 1173 lapsos.
1045 1079 1215 1173 captivos,
1232 1075 1384 1149 infirmos

749 1188 851 1273 atque
864 1182 1070 1274 peregrinos
1081 1183 1117 1250 in
1130 1187 1245 1251 mente
1258 1176 1384 1250 babea-

748 1302 841 1354 mus:
868 1291 906 1352 ut
933 1303 995 1355 eos
1019 1281 1187 1354 Dominus
1213 1283 1382 1378 propitius

645 1464 648 1469 ,
747 1382 939 1474 redimere,
966 1405 1089 1456 sanare
1117 1393 1151 1455 at
1183 1383 1382 1473 confortare

749 1484 1383 1587 digneturliespoadethorassPrae-

749 1595 802 1659 sta
815 1597 956 1659 aeterna
971 1592 1188 1684 omnipotens
1202 1587 1308 1662 Deus.

11 1764 17 1775 ἱ
113 1709 310 1886 Campania
335 1785 539 1861 obiaboae
525 1813 561 1860 ιιι
585 1788 700 1862 Attari
800 1788 904 1862 Dicat
924 1789 1103 1883 Presbyter
1128 1790 1230 1860 etiam
1253 1789 1386 1860 Oratio

60 1895 160 1968 dicit:

112 2093 205 2168 Veni
224 2091 453 2168 sanctificator
469 2095 697 2187 omnipotens,

61 2210 207 2272 aeterne
225 2196 321 2269 Deus
342 2204 376 2265 et
396 2192 542 2266 benedic
562 2193 629 2266 hoc
643 2217 696 2267 sa-

59 2300 227 2374 crificium
241 2309 301 2370 tuo
317 2299 445 2368 nomini
457 2307 696 2391 praeparatum

62 2405 134 2477 Par
148 2401 318 2475 Christum
333 2398 516 2470 Dominum
532 2410 695 2472 nostrum

57 2504 421 2597 Matttbrtwopts

115 2810 277 2887 Mabitiarr
295 2816 315 2887 t.
329 2839 355 2886 c.
366 2839 399 2909 p.
415 2816 474 2886 43.
502 2814 583 2887 Post
597 2814 697 2887 otta

60 2920 186 2988 bouem
202 2915 369 3010 Diptycba
395 2917 647 3011 tegebamur,
632 2944 653 2990 ι.
668 2942 696 2990 e.

61 3017 291 3089 recitabantur
315 3024 449 3090 aomina
473 3031 542 3092 tam
560 3021 698 3093 Sancta

61 3143 159 3210 ram,
180 3122 215 3191 ιἰι
232 3141 367 3214 qaorum
385 3128 576 3194 memoriam
593 3128 699 3194 sacri

63 3227 175 3317 βαιιιι
192 3222 267 3295 Dec
284 3224 502 3319 offerebatur
528 3246 627 3318 qaam
651 3228 699 3295 ci-

63 3330 223 3417 cerniaco,
249 3336 346 3421 atque
372 3330 611 3422 defenderam,
636 3349 700 3419 pro

63 3428 180 3522 quita
195 3429 402 3523 offerebatur.
420 3469 466 3480 -
483 3469 529 3480 —
544 3431 700 3501 Formam

64 3531 182 3601 barum
189 3531 437 3625 walachorum,
446 3554 531 3625 qaae
538 3535 700 3625 qumaiam

64 3634 314 3728 mmmmm
324 3636 359 3707 S
361 3636 544 3707 Amam-
558 3640 701 3729 episcopi
751 3580 905 3652 universi
919 3573 1385 3673 Presbyteri‚Diaconi‚Cle-

64 3737 302 3808 Arelatensis
288 3761 323 3807 ιιι
332 3762 391 3808 asa
404 3747 511 3828 erant
520 3738 614 3808 nobis
625 3762 700 3831 sap-

62 3840 191 3932 peditat
208 3838 323 3910 Cadee
339 3839 555 3932 Reqalamtm
578 3841 633 3910 abi
655 3841 702 3909 ad

62 3945 163 4034 finem
194 3940 345 4035 Hecatae
376 3942 583 4014 Aurelianae
618 3943 701 4014 baec

65 4045 233 4137 tequndrr:

117 4144 297 4240 Simulque
341 4155 523 4240 precantes
564 4165 701 4215 oramus
748 4139 753 4145 ’

63 4251 182 4335 etiam,
196 4247 357 4336 Domine,
378 4269 443 4341 pro
463 4246 636 4319 animabus
651 4245 700 4315 ia-

749 1915 824 1964 nam
842 1895 953 1986 officia
970 1893 1039 1964 diei
1056 1888 1306 1964 convenientem.
1339 1893 1382 1981 Py.

749 1993 873 2065 Amen.

798 2096 891 2169 Dicit
922 2093 1119 2188 Presbyter:
1157 2095 1226 2167 Per
1251 2095 1382 2168 miseri-

750 2197 903 2270 cordiam
931 2206 1023 2268 taam
1050 2197 1147 2271 Deus
1174 2200 1383 2285 noster‚in

750 2302 847 2373 cuius
862 2307 1050 2395 conspectu
1071 2309 1268 2374 sanctorum
1284 2298 1382 2397 Apo-

749 2402 918 2477 stolorum
933 2410 967 2471 et
978 2396 1182 2497 Martyrum,
1198 2400 1384 2475 Confessa-

748 2525 824 2574 rum
838 2512 940 2596 atque
953 2500 1134 2595 Virginum
1147 2505 1283 2573 nomina
1296 2504 1384 2573 reci-

748 2614 870 2678 tantur.
897 2607 941 2695 lie.
969 2602 1092 2674 Amen.

798 2808 902 2885 Dicat
913 2806 1109 2902 Presbyter.

802 2965 877 3040 oue
878 2959 1048 3039 rnntDeo
1064 2959 1213 3033 Domino
1237 2960 1384 3035 oblatio·
1399 2948 1406 2959 ’

748 3090 828 3142 nem
842 3067 1042 3142 sacerdotes
1057 3065 1167 3136 nostri
1174 3064 1299 3159 Papa
1312 3063 1384 3138 Ro-

750 3173 877 3243 mensis
906 3178 941 3239 et
968 3167 1092 3261 reliqui
1112 3190 1177 3261 pro
1199 3189 1239 3241 sc
1265 3176 1301 3238 et
1318 3189 1384 3262 pro

751 3295 843 3346 omm
833 3270 962 3343 Clero
984 3291 1025 3339 ac
1038 3267 1196 3363 plebibus
1211 3269 1383 3343 ecclesiae

751 3375 886 3450 sibimet
912 3373 1122 3464 consignatis
1142 3372 1202 3443 vel
1222 3394 1286 3469 pro
1310 3374 1384 3444 uni-

750 3500 854 3550 versa
873 3475 1096 3546 iratemitate.
1132 3472 1218 3546 Item
1238 3473 1385 3546 offerunt

751 3684 814 3753 rici
842 3703 883 3751 ac
911 3680 1031 3776 populi
1061 3681 1320 3754 circumstantes
1349 3677 1384 3745 in

753 3784 919 3856 honoram
951 3783 1157 3856 Sanctorum
1185 3801 1249 3875 pro
1277 3798 1316 3850 sa
1349 3785 1383 3848 et

752 3889 832 3961 suis
873 3887 1007 3959 Cbaas.
1036 3884 1192 3957 Oderunt
1210 3899 1274 3974 pro
1289 3900 1328 3951 se
1348 3887 1383 3951 ot

752 4011 816 4083 pro
829 3991 992 4063 universa
1006 3988 1227 4061 fraternitate.

804 4192 1117 4266 Diamsoeerdor:

64 4350 238 4422 mulorum
262 4360 417 4438 tuorum,
438 4350 576 4422 Patrum
599 4359 700 4442 atque
806 4342 986 4416 Faciantes
1026 4346 1382 4416 commemorationem

64 4455 297 4523 institutorum
307 4451 478 4547 quondam
493 4462 700 4538 nostrorum.
753 4446 1027 4521 beatissimorum
1062 4445 1311 4543 Apostolorum
1349 4456 1384 4518 et

64 4553 276 4645 Aureliani,
327 4554 447 4643 Petri,
499 4552 701 4641 Florentini
754 4550 969 4647 Martyrum,
1019 4550 1198 4646 gloriosae
1245 4557 1389 4637 saucm
