3060 4934
790 265 868 337 246
1217 302 1224 317 ›
1363 258 1475 353 ,’

279 458 393 523 Deinde
399 457 505 520 illecto
517 467 547 519 et
556 456 770 519 desistentibus
783 457 813 517 in
826 455 901 517 locis
912 455 974 517 suis
985 453 1159 517 sedentibus
1174 454 1207 516 G.
1217 455 1402 533 intelligibili
1415 474 1486 521 voce

177 562 254 641 legit
272 571 445 641 sequentem
459 560 715 620 examinationem.
741 557 926 619 desistentes
938 576 1012 619 vero
1026 555 1167 638 Episcopi
1185 557 1336 619 submisse
1356 574 1433 621 soce
1448 558 1484 620 di·

179 672 259 741 cont,
278 679 478 743 quaecumque
491 660 601 722 dixerit
615 659 649 721 G.

214 755 430 861 Antiqua
452 762 649 827 sanctornm
670 751 808 823 Patrum
828 752 993 824 institutio
1017 750 1119 822 docet
1141 760 1176 821 et
1196 752 1379 847 praecipit,
1396 755 1457 823 ut
1446 775 1483 843 rs,

179 812 238 950 qni
265 848 308 927 ad
331 854 559 950 Episcopatus
586 853 740 926 ordinem
764 853 922 945 eligitur,
947 863 1047 925 autea
1074 851 1335 944 diligentissime
1363 857 1482 925 exami-

177 965 279 1029 netur
300 976 378 1027 cum
400 958 499 1027 omni·
516 957 674 1075 caritate,
694 954 737 1025 de
758 952 824 1025 tide
846 964 987 1028 sanctae
1009 953 1181 1025 Trinitatis
1203 962 1238 1023 et
1258 956 1483 1047 interrogetur

180 1058 224 1129 de
257 1058 405 1131 diversis
431 1059 544 1130 causis
571 1066 605 1129 et
627 1055 798 1143 moribus,
824 1078 913 1150 quae
939 1055 1019 1128 buic
1045 1056 1204 1147 regimini
1229 1068 1425 1149 congruunt
1447 1080 1482 1129 ao

179 1162 375 1232 neccssaria
401 1167 479 1232 suut
497 1160 637 1229 retineri
657 1156 845 1231 seeundum
866 1156 1029 1253 Apostoli
1052 1157 1195 1229 dictuma
1222 1155 1349 1231 Manus
1368 1162 1483 1231 nemini

179 1262 247 1331 cito
274 1262 487 1354 imposueris.
527 1257 571 1328 Et
593 1269 629 1329 ut
655 1261 757 1329 etiam
776 1261 805 1330 is
824 1261 882 1354 qui
900 1258 1110 1331 ordinandus
1128 1269 1181 1332 est
1200 1259 1392 1350 erudiatur,
1412 1282 1483 1356 qun-

177 1359 257 1433 liter
278 1360 341 1436 sub
362 1360 430 1432 boc
448 1362 615 1452 regimine
636 1363 857 1432 coustitutum
878 1370 1037 1455 oporteat
1062 1362 1266 1432 conversari
1288 1363 1324 1433 in
1345 1362 1483 1435 ecclesia

179 1460 259 1550 Dei,
282 1471 318 1534 et
333 1472 371 1533 ut
384 1460 703 1557 irreprehensibiles
717 1464 796 1550 sint,
814 1464 872 1555 qui
885 1464 919 1532 ei
934 1484 1054 1534 manus
1068 1462 1291 1535 ordinationis
1306 1464 1482 1558 imponunt

180 1561 311 1635 Eadem
330 1565 445 1656 itaque
463 1565 664 1634 auctoritate
682 1571 717 1633 et
733 1572 920 1658 praecepto
942 1567 1255 1655 interrogassem,
1271 1563 1483 1638 dilectissime

179 1663 300 1752 irater,
322 1668 464 1734 caritate
489 1667 642 1752 sincera,
669 1666 699 1736 si
725 1686 859 1737 omnem
886 1664 1101 1762 prudentiam
1122 1675 1227 1754 tuam,
1249 1676 1415 1759 ιιιιιιιιιιιιι
1435 1677 1483 1739 ιιι

182 1787 294 1861 capax
307 1776 359 1838 est
373 1776 506 1853 ιιιιιιιιι,
521 1765 657 1837 divinae
672 1768 862 1861 scripturae
876 1766 1033 1840 sensibus
1046 1765 1311 1839 accommodare
1325 1768 1483 1841 volueris.

283 1875 355 1937 'lum
371 1875 405 1938 G.
426 1876 634 1957 aliquantulum
652 1894 813 1954 assurgens
828 1878 947 1939 detecto
963 1880 1058 1957 capite
1071 1877 1250 1959 respondet:
1276 1866 1330 1940 Ita
1353 1891 1402 1943 ex
1422 1880 1484 1942 ιοιο

180 1968 288 2042 corde
318 1968 402 2040 volo
429 1971 464 2038 iu
499 1967 655 2040 omuibus
682 1972 879 2042 consentire
906 1979 941 2041 et
967 1969 1119 2043 obedire.
1164 1979 1203 2041 ιιι
1223 1980 1283 2043 boo
1303 1979 1485 2045 servabitsl

47 2130 51 2137 ,
180 2096 285 2142 omnes
296 2079 370 2142 alias
383 2080 598 2161 responsiones
611 2087 785 2157 sequentes
823 2098 830 2111 ¹

282 2170 345 2243 Vis
368 2193 410 2243 ea
436 2193 524 2265 quae
546 2194 593 2242 ex
614 2173 791 2266 seripturis
812 2171 936 2243 divinis
960 2171 1142 2265 intelligis,
1161 2169 1297 2268 plebem
1323 2174 1381 2245 cui
1403 2173 1487 2247 ordi·

180 2274 313 2345 uaudus
335 2294 374 2345 cs
397 2282 431 2343 et
449 2271 566 2344 verbis
589 2272 718 2345 dooere
741 2281 775 2346 et
802 2272 996 2367 exemplis?
1045 2279 1088 2367 ιι
1111 2270 1214 2345 Volo.

283 2372 346 2446 Vis
376 2373 575 2448 traditiones
605 2376 877 2449 orthodoxorum
899 2375 1037 2447 Petrum
1063 2397 1106 2447 ac
1131 2362 1325 2449 decretales
1351 2384 1486 2449 sanctae

183 2485 218 2548 ct
239 2477 468 2572 Apostolicae
500 2477 594 2551 sedis
626 2481 888 2551 constitutiones
908 2486 1118 2551 veneranter
1139 2479 1341 2573 suscipere,
1366 2477 1486 2552 docere

181 2598 224 2649 ac
243 2577 414 2652 servare?
458 2582 501 2669 ιι.
524 2576 627 2652 Volo.

285 2677 347 2749 Vis
365 2678 467 2749 bento
494 2680 598 2749 Petro
618 2680 792 2773 Apostolo
815 2680 870 2748 cui
891 2700 911 2748 a
933 2679 1010 2750 Deo
1033 2678 1110 2752 data
1136 2688 1172 2750 et
1192 2689 1349 2776 potestas
1369 2678 1486 2774 ligendi

184 2801 226 2849 ac
251 2778 411 2851 solvendi
438 2780 580 2871 eiusque
602 2778 742 2850 Vicario
762 2779 909 2851 Domino
936 2790 1055 2855 nostro
1082 2782 1230 2881 Domino
1256 2780 1298 2852 N
1319 2777 1485 2880 Papueli

183 2881 324 2972 suisque
351 2877 612 2951 successoribus
634 2878 798 2953 Romanis
820 2881 1033 2980 pontificibus
1055 2874 1168 2973 iidem,
1190 2882 1442 2957 subiectionem
1460 2890 1487 2955 ct

184 2977 411 3150 cbedvientiam
425 2978 613 3052 secuudum
631 2986 831 3056 eanonicam
848 2987 1085 3059 auctoritatem
1097 3008 1160 3081 per
1173 2988 1286 3057 omnia
1301 2981 1486 3061 exbibete?

181 3084 217 3171 ιι
287 3080 345 3151 olo
1505 3088 1508 3094 ’

170 3248 177 3259 ,
287 3179 349 3253 Vis
371 3202 486 3256 mores
498 3192 583 3256 tuos
604 3185 646 3255 ab
674 3189 766 3256 omui
786 3186 877 3258 malo
901 3198 1093 3283 temperare
1116 3197 1151 3259 et
1169 3168 1333 3283 guantum
1353 3190 1485 3285 poteris,

184 3282 261 3356 Deo
288 3282 485 3373 adiuvante,
512 3282 555 3355 a'd
575 3307 680 3356 omne
705 3278 831 3379 bonum
859 3288 1094 3361 commutare?
1137 3292 1181 3382 ιι.
1204 3286 1340 3371 ιιιιο.Ι

84 3446 91 3457 .
234 3382 349 3458 ·Vis
369 3388 558 3467 castitatem
577 3396 611 3459 et
628 3368 942 3490 sobrietatemeum
955 3390 1022 3462 Dei
1039 3391 1168 3464 auxilio
1186 3389 1366 3463 eustodire
1383 3398 1420 3462 et
1436 3380 1485 3460 do

184 3485 291 3561 ecre?
335 3490 377 3578 ιι
400 3485 502 3558 Volo

158 3610 162 3619 ·
286 3586 373 3661 Vis
377 3609 514 3684 semper
535 3591 570 3661 in
595 3589 719 3664 divinis
739 3612 819 3663 esse
824 3596 989 3691 ,negotiis
1008 3594 1220 3689 mancipatus
1245 3602 1281 3663 et
1305 3614 1329 3663 a
1349 3591 1486 3665 terrenis

184 3691 333 3783 negotiis
355 3691 416 3760 vel
437 3691 542 3762 lucris
564 3692 719 3786 turpibus
746 3680 898 3791 alienus,
922 3702 1082 3788 quantum
1100 3703 1136 3766 te
1160 3694 1307 3765 bumana
1326 3684 1486 3787 fragilitas

185 3793 401 3864 consenserit
426 3789 555 3886 posse?
599 3796 641 3881 ιι
665 3790 767 3865 Volo.

175 3899 181 3911 '
285 3889 349 3965 Vis
376 3890 597 3971 bumilitatem
615 3902 654 3962 et
672 3896 895 4007 patientiam
885 3917 920 3967 ιιι
941 3898 1069 3993 teipso
1091 3894 1275 3982 custudire
1286 3903 1323 3967 et
1343 3889 1475 3967 alios
1452 3911 1486 3967 st·

9 4050 11 4059 .
91 4036 103 4045 -
168 3993 308 4065 'militer
330 3988 485 4066 docere?
529 3992 735 4101 ιιιιοιο..
790 4035 797 4049 ·

286 4093 350 4167 Vis
380 4090 594 4191 pauperibus
621 4084 655 4167 el
681 4099 874 4192 peregrinis
903 4044 1142 4194 omnibusque
1159 4086 1395 4191 iudigeiutibue
1418 4108 1484 4167 este

184 4207 327 4291 propter
351 4217 477 4270 nomen
496 4198 633 4270 Domini
654 4199 797 4272 affabilis
824 4210 858 4271 et
879 4200 1126 4338 misericors?
1148 4204 1192 4291 ιι
1212 4198 1317 4270 Volo.

188 4350 394 4365 —-—---.fl

186 4398 413 4527 legetnSixtinpm
424 4436 509 4493 ιιιιιιιιιΙ
521 4426 670 4510 dlligeutdr
683 4437 772 4493 teneri
784 4438 1000 4509 nominentugic
1011 4390 1039 4495 et
1048 4452 1114 4494 sane
1124 4437 1195 4494 baud
1204 4436 1278 4529 scio,
1291 4453 1327 4495 eu
1336 4442 1390 4495 tent
1402 4431 1481 4492 erebi·

171 4504 379 4585 ,dpiecoporum
392 4516 534 4625 ιιιιιιιιιιιζἱ
527 4522 655 4579 accidere
665 4521 770 4597 possit
763 4518 831 4580 sine
834 4520 951 4594 gre'gum
965 4521 1171 4625 detrimento.-
1255 4504 1272 4529 “
