3046 4942
738 198 787 269 74

302 364 535 440 nonnitus.
932 362 1276 444 nnssnostnutts

106 485 295 558 custodiam
315 489 368 557 ori
386 508 465 558 meo
485 495 519 558 et
532 489 656 559 ostium
668 491 734 558 cir-
782 574 785 580 ,
836 484 1200 559 Nrrmdtcinercredo
1213 488 1349 558 sidem

106 591 329 661 cumstantiae
350 588 447 662 labiis
471 592 575 664 meis:
602 598 639 660 ut
665 612 735 662 noo
786 601 845 680 eo,
861 592 1041 682 praecipue
1058 588 1171 659 dietus
1190 590 1349 660 domm

106 689 254 762 declinet
267 714 329 763 cor
343 713 456 762 meum
472 695 506 762 in
518 691 626 763 verba
640 693 735 765 mali·
784 695 918 788 festiano.

105 795 173 863 tiae
187 792 231 864 ad
250 797 494 866 excusationes
523 796 558 866 iu
577 797 738 889 pcccatis.

155 895 244 969 Dum
268 897 378 968 reddit
399 895 596 969 &niodum
615 897 738 970 mace

104 999 271 1071 nodicc'tr

157 1098 337 1171 Accendat
373 1102 407 1169 io
441 1099 539 1171 nobis
570 1098 738 1172 Dominus

106 1204 221 1296 ignem
260 1205 313 1275 sui
349 1204 475 1275 amoris
508 1210 543 1273 et
572 1200 738 1274 flammam

106 1312 270 1374 aeternae
284 1305 444 1376 caritatis.
471 1303 595 1375 Arnon.

156 1405 278 1478 Postea
311 1410 498 1480 incensam
524 1408 691 1480 Sacerdos
718 1433 740 1478 o

105 1507 268 1600 Diaemro,
291 1510 409 1581 deinde
428 1512 490 1581 atti
505 1533 571 1604 per
582 1513 738 1584 ordinem.

158 1608 234 1679 XV.
283 1611 420 1682 [neom
449 1613 616 1685 Sacerdos
649 1615 744 1684 loourt

106 1708 362 1785 mendicae:

155 1812 297 1887 Lavabo
308 1818 396 1888 inter
410 1819 740 1889 innocentesmanus
762 1828 766 1835 '

105 1903 218 1989 meas:
232 1926 266 1986 et
279 1917 497 1988 circumdabo
509 1918 633 1990 Altare
646 1926 740 1990 tuum

106 2018 263 2089 Domine.

156 2117 202 2190 Ut
236 2118 371 2189 audiam
402 2139 510 2191 voces
536 2120 672 2192 laudis:
706 2131 740 2192 et

107 2240 264 2292 enarrem
290 2222 453 2292 universa
476 2220 644 2294 mirabilia
672 2231 738 2293 tua.

131 2354 135 2363 ¹
155 2322 303 2394 Domine
319 2321 426 2394 dilexi
440 2322 603 2394 decorem
618 2322 738 2395 domus

105 2435 205 2497 tuae:
235 2434 271 2496 ct
294 2425 408 2497 locum
427 2422 642 2500 habitationis
662 2426 738 2519 glo-

104 2530 178 2599 riae
195 2537 284 2599 tuae.

156 2627 208 2700 Ne
229 2629 355 2726 perdas
376 2652 454 2701 cum
468 2632 578 2725 impiis
593 2631 738 2698 animum

105 2753 235 2803 meam:
264 2741 298 2801 et
326 2753 402 2801 cum
428 2733 513 2805 viris
534 2732 738 2824 sanguinum

105 2835 211 2903 vitam
226 2852 345 2902 meam.

156 2931 195 3004 ln
211 2955 355 3028 quorum
369 2933 523 3005 manibus
544 2935 737 3028 iniquitates

104 3044 203 3108 sunt:
225 3034 368 3107 dextera
390 3057 509 3107 eorum
530 3036 663 3132 repleta
684 3045 737 3108 cst

104 3135 311 3209 muneribus.

154 3237 232 3331 Ego
254 3249 367 3311 autem
389 3242 424 3311 in
445 3240 639 3311 innocentia
659 3261 735 3309 mea

104 3344 281 3434 ingressus
297 3363 392 3414 sum:
406 3341 538 3414 redime
552 3363 608 3412 me
623 3350 659 3412 et
677 3343 736 3411 mi-

25 3468 28 3477 ·
104 3463 224 3516 serere
243 3445 318 3514 mei.

154 3546 222 3618 Pes
235 3566 332 3618 meus
351 3547 443 3618 stetit
469 3548 505 3616 in
525 3544 675 3615 directo:
701 3547 735 3615 in

104 3648 265 3721 ecclesiis
279 3647 478 3719 benedicam
490 3657 524 3719 te
538 3647 694 3718 Domine.

156 3748 273 3823 Gloria
287 3749 379 3822 Patri
394 3759 429 3821 et
442 3748 530 3821 Filio
546 3759 581 3821 et
592 3747 733 3845 Spiritui

104 3852 261 3927 Sancto·

156 3955 252 4028 Sicut
269 3965 344 4029 erat
362 3957 397 4028 in
411 3954 578 4052 principio
597 3962 631 4024 et
643 3973 734 4023 nunc

104 4066 140 4129 et
153 4078 288 4153 semper
309 4069 343 4132 et
364 4063 397 4129 in
418 4057 557 4131 saecula
577 4056 733 4128 saeculo-

104 4181 187 4231 rum.
217 4158 337 4233 Amen.

155 4261 195 4334 Io
207 4261 319 4333 Meso
334 4289 397 4357 pro
415 4264 587 4357 Desmontis
608 4272 641 4334 et
657 4272 733 4334 tem-

100 4363 360 4457 poreParaiontr
373 4366 734 4458 inMiraiodetempore

104 4467 258 4563 ondttilor
271 4463 388 4534 Gloria
405 4467 507 4538 Patri.
