3046 4942
712 319 786 390 283

88 508 186 571 abuti
199 515 318 568 mrum
331 448 545 590 Antiphonem:
572 499 664 572 Dicit
683 499 871 575 Dominus:
895 504 1137 597 poenitentiam
1157 507 1262 598 agite,
1283 522 1406 604 appro

88 599 266 697 pinquubit
288 601 378 671 enim
398 621 544 695 regnum
566 603 755 675 coelorum.
1295 630 1298 635 ’

192 742 231 805 m
249 763 322 807 mox
336 734 475 806 extinctis
492 742 622 808 candelis
636 755 826 809 revertuntur
840 744 876 808 ad
891 746 988 825 iocum
1007 765 1100 808 suum.
1138 746 1178 809 Et
1189 748 1361 829 proceditur
1377 752 1407 812 iu

88 844 213 909 bitsniis
233 842 333 927 'usquc
354 845 391 909 ad
406 838 529 930 Agnus
542 837 617 909 liei.
645 848 727 910 Tunc
740 850 773 911 P.
792 849 879 909 mittit
902 849 939 909 a'd
959 847 1027 910 iilos
1048 868 1151 911 senem
1165 850 1329 912 Diaconum
1344 870 1408 912 cum

90 950 201 1027 magno'
211 948 483 1012 cereoiliumiuato.
502 948 556 1010 liic
568 950 659 1028 igitur
670 953 699 1012 in
711 951 812 1012 limine
821 952 889 1012 ostii
902 952 1079 1012 constitutus
1089 961 1185 1014 cantat
1193 951 1408 1031 Antiphonem:

88 1038 223 1113 bavose
256 1043 368 1136 capita
396 1050 532 1132 vestra,
560 1064 643 1113 ecco
668 1042 951 1141 appropinquabit
976 1042 1166 1139 redemptio
1192 1044 1319 1117 vestra.
1372 1052 1411 1114 itt

91 1168 171 1229 npnc
185 1151 386 1235 ascendantur
399 1153 541 1216 candelae
555 1153 772 1217 Paenitentiam
786 1154 892 1216 exitio
909 1172 1008 1217 cereo.
1045 1153 1157 1216 Cereus
1171 1163 1269 1217 autem
1282 1154 1334 1217 iiie
1348 1152 1412 1217 nou

92 1270 131 1321 cx
145 1238 296 1339 'pff'uitur,
320 1252 373 1315 sed
387 1254 538 1316 Diaconos
557 1273 622 1316 cum
636 1275 674 1318 eo
689 1274 817 1318 accenso
836 1258 1006 1320 rerertitur.
1048 1255 1087 1317 Et
1099 1256 1289 1318 tabcdicitur
1302 1257 1332 1317 in
1345 1254 1409 1317 lita·

91 1261 165 1445 spi:
182 1345 316 1437 Agrius
339 1346 406 1418 Dei
432 1350 490 1451 qui
516 1347 611 1423 tollis
637 1359 780 1444 peccata
802 1347 918 1419 mundi
942 1349 1053 1421 Parce
1077 1348 1178 1421 nobis
1204 1348 1352 1419 Domine
1379 1365 1410 1417 et

91 1453 148 1517 siis
167 1472 261 1534 nsque
281 1457 311 1515 in
327 1458 424 1517 baem.
464 1456 531 1532 Quo
546 1456 625 1520 dicto
640 1458 673 1518 P.
689 1459 725 1519 ab
742 1454 878 1518 accubitu
891 1472 1018 1535 surgens
1033 1474 1097 1517 cum
1110 1458 1251 1518 ministris
1265 1465 1297 1517 et
1313 1457 1409 1531 clero,

90 1574 193 1634 cruce,
205 1555 369 1632 thuribulo,
383 1558 481 1615 cereis
495 1566 526 1614 et
539 1561 618 1615 omni
631 1564 734 1635 paratu
747 1553 1007 1634 praecedentibus,
1022 1556 1175 1633 egreditur
1188 1567 1273 1619 extra
1287 1557 1409 1620 eborum

88 1656 251 1719 ccclesiae.
276 1650 316 1715 Et
328 1663 432 1733 parato
448 1652 505 1715 sibi
524 1656 608 1733 qussi
623 1656 655 1714 iri
668 1655 766 1716 medio
780 1654 958 1734 icidistorio,
972 1654 1059 1716 sedet
1071 1658 1235 1737 respiciens
1252 1656 1288 1719 ad
1303 1660 1410 1720 ostium

88 1755 257 1834 ecciesiae,
279 1754 366 1816 clero
382 1773 437 1836 per
461 1752 570 1815 cboros
590 1772 695 1817 versus
716 1756 813 1836 ipsum
833 1755 938 1816 ostiam
956 1755 994 1819 ab
1010 1765 1137 1836 atroque
1153 1756 1247 1823 latere
1266 1757 1410 1837 disposito

88 1857 234 1921 seriatim.
264 1855 348 1917 'Punc
361 1854 593 1917 brcbidiaconus
607 1864 689 1919 stans
703 1858 733 1918 ia
746 1854 847 1917 limine
861 1858 929 1917 ostii
943 1855 1063 1918 excelsa
1077 1874 1152 1919 voce
1165 1858 1195 1918 in
1209 1867 1283 1920 tono
1296 1855 1411 1919 Lectio·

88 1961 138 2023 nis
153 1957 190 2020 ad
204 1957 273 2020 ilios
291 1965 359 2018 ante
375 1959 483 2019 ostium
495 1957 571 2019 ioris
585 1966 712 2020 stamas:
733 1945 829 2022 State
851 1949 885 2019 in
906 1950 1065 2022 silentiose
1088 1948 1266 2022 audientes
1286 1948 1409 2020 audite.

194 2093 309 2156 indicto
322 2094 421 2174 itaque
436 2092 567 2170 silentio,
581 2101 704 2154 vertens
718 2111 751 2154 se
764 2093 799 2154 ad
810 2094 841 2155 P.
855 2093 925 2155 dicit
937 2093 1073 2155 similiter
1087 2094 1116 2155 io
1126 2079 1410 2180 coruscationir:¹)

88 2184 245 2261 Adesto
267 2183 478 2258 venerabilis
493 2184 529 2255 P.
550 2192 685 2279 tempus
706 2194 897 2282 acceptum,
920 2184 993 2257 dies
1011 2170 1259 2283 propitiationis
1274 2186 1411 2258 diuinae

92 2298 130 2361 et
158 2288 279 2363 solutis
306 2286 493 2376 humanae,
527 2307 595 2379 quo
628 2308 722 2359 mors
750 2289 922 2359 interitum
956 2297 990 2358 et
1018 2289 1090 2358 vita
1116 2288 1249 2383 accepit
1269 2297 1410 2359 aeterna

92 2390 316 2487 principium:
338 2386 475 2483 quormo
498 2390 533 2459 in
555 2389 658 2458 vinea
672 2384 809 2459 Domini
822 2386 975 2460 Sabaoth
989 2390 1040 2460 sic
1052 2410 1224 2460 novorum
1236 2389 1411 2483 palmitum
1464 2462 1470 2467 ,

92 2491 258 2588 plantatio
273 2488 455 2589 sarcienda
469 2499 533 2578 est,
543 2484 578 2586 2)
592 2498 630 2559 ιιι
641 2499 808 2585 purgetur
823 2491 998 2559 execratio
1007 2485 1040 2585 ³)
1055 2490 1243 2561 vetustatis.
1287 2486 1411 2573 Quam-

94 2594 149 2668 vis
163 2594 254 2664 emm
274 2614 296 2677 a
315 2590 441 2665 divitiis
456 2589 618 2677 honitatis
632 2600 667 2661 et
681 2591 815 2686 pietatis
829 2590 896 2661 Dei
908 2589 991 2660 nibil
1005 2590 1170 2684 temporis
1184 2599 1299 2678 vacet,
1318 2609 1413 2669 ‚nunc

94 2702 208 2766 nmen
227 2702 263 2765 et
283 2684 416 2785 largior
438 2684 568 2788 est'per
580 2691 827 2784 indulgentiam
840 2692 997 2765 remissio
1011 2701 1233 2787 peccatorum
1247 2699 1282 2762 et
1295 2692 1413 2786 copio-

93 2797 168 2871 sior
192 2817 257 2891 per
282 2796 429 2888 gratiam
448 2795 633 2890 assumptio
654 2796 915 2889 renascentium.
951 2792 1132 2884 Augemur
1151 2790 1412 2885 regenerandis,

88 2897 455 2971 'crescimusrcversis
470 2893 601 2967 Levant
611 2895 1037 2995 aquaalavantlacnmae.
1054 2893 1137 2964 Inde
1147 2889 1411 2989 estgaudium4)

95 2998 141 3070 de
166 2990 396 3095 assumptione
416 3006 637 3069 vocatorum:
657 2996 735 3069 binc
751 2994 919 3094 laetitia⁶J
939 2995 982 3068 de
1000 2995 1215 3069 absolutione
1230 2995 1412 3069 Paeniten-

94 3101 190 3172 tiam.
204 3096 349 3174 Iudeest
362 3096 635 3195 quodsupplices
648 3097 767 3170 famuli
778 3094 868 3193 tui⁶)
882 3106 1105 3192 posteaquam
1115 3099 1271 3169 invarias
1283 3094 1412 3181 formas

96 3203 274 3275 criminum
291 3200 454 3294 neglectu
473 3197 708 3271 mandatorum
725 3198 928 3272 coelestium
948 3207 982 3269 et
998 3219 1131 3268 morum
1150 3195 1413 3292 probatoram⁷)

95 3306 374 3396 transgressione
396 3298 648 3396 cecideruut‚⁸)
671 3299 836 3371 humiliati
857 3322 899 3370 uc
920 3301 1082 3395 prostrati
1090 3294 1123 3396 ⁹)
1142 3297 1348 3395 Propbctica
1369 3297 1414 3369 ad

96 3403 279 3479 Dominum
292 3426 383 3477 voce
397 3403 544 3473 clamant
557 3400 728 3475 dicentesr
738 3397 773 3447 ¹⁰
786 3400 1042 3498 )Peccavimus‚
1055 3403 1178 3475 iniuste
1193 3403 1338 3494 egimus,
1352 3401 1414 3470 ini·

95 3510 259 3603 peitatem
278 3507 432 3578 fecimus.
469 3501 637 3577 Miserere
657 3505 766 3576 nostri
779 3503 934 3574 Domine.
945 3499 992 3599 11)
1027 3501 1274 3597 Euangelicam
1289 3521 1412 3573 vocem

93 3627 166 3682 non
189 3608 408 3683 frustratoria
433 3628 524 3678 uoce
552 3600 804 3702 capienteszffl)
835 3604 934 3676 Beati
954 3606 1011 3700 qui
1031 3605 1150 3699 lugent
1171 3605 1331 3700 quoniam
1349 3603 1414 3694 ipsi

93 3701 378 3784 consolabuntur.
415 3704 729 3796 Manducaverunt‚
753 3710 841 3779 sicut
860 3707 1022 3802 scriptum
1045 3717 1097 3780 est
1119 3727 1243 3804 panem
1261 3703 1413 3775 dolorisz

89 3808 248 3909 lacrimis
270 3821 413 3887 atratum
435 3828 534 3883 suum
555 3813 775 3904 rigaverunt,
796 3831 858 3882 cor
880 3830 978 3884 suum
999 3808 1107 3905 lucto,
1134 3827 1260 3903 corpus
1283 3798 1414 3875 afflixe-

88 3977 304 3993 *un-

151 4061 193 4139 ,1)
204 4064 297 4127 Sacr.
314 4064 388 4125 eor.
411 4062 486 4121 Ordo
501 4062 655 4136 agentibus
674 4060 808 4133 pubiicsm
828 4059 1032 4132 poenitentium.
1062 4056 1210 4130 Egreditur
1220 4052 1366 4111 Pccniteus
1379 4053 1415 4110 ds

88 4146 172 4219 icco,
183 4149 230 4205 ubi
241 4149 437 4222 poenitentiam
453 4148 542 4219 gessit
556 4154 584 4203 et
594 4147 622 4203 iu
637 4145 745 4217 gremio
756 4151 945 4218 praesentatur
959 4143 1104 4213 ecclesias,
1116 4145 1256 4214 prostrato
1267 4138 1340 4196 omni
1350 4152 1415 4194 cor·

88 4248 166 4306 pers
180 4233 210 4290 iu
221 4240 297 4290 terra
308 4241 337 4289 et
349 4232 507 4307 postulatio
519 4232 562 4289 bis
577 4231 668 4288 verbis
679 4226 929 4301 Diacoouszpdest
940 4235 993 4287 etc.
1017 4228 1049 4302 Ρ)
1064 4228 1093 4287 S.
1108 4226 1166 4282 (iet.
1179 4225 1234 4280 sic
1248 4237 1414 4280 novorum

88 4318 280 4391 plantatio
296 4318 544 4375 iaciendcest.
566 4312 598 4394 3)
614 4321 840 4388 utpurgctur
855 4308 1272 4377 etcurstiosetuststis.
1293 4305 1415 4376 binde

88 4400 271 4472 gaudium.
299 4398 329 4475 5)
350 4402 533 4459 loetitiae.
556 4398 587 4475 6)
607 4400 698 4472 qood
718 4398 871 4472 supplex
892 4404 982 4454 tuus.
999 4392 1296 4469 i)probabiiium.
1316 4389 1347 4466 8)
1362 4407 1411 4448 ce·

90 4484 202 4544 cidit.
234 4483 265 4563 9)
287 4476 630 4565 humiliatosatque
653 4489 875 4558 prostratus.
907 4478 1243 4559 10)ciamatdicsus.
1275 4473 1410 4553 ll)psc·

92 4568 518 4642 euri-egi-atsct—
536 4569 613 4627 mei.
650 4565 870 4646 lt)capieus.
