3046 4942
78 290 200 367 indicii
223 300 263 365 te
288 293 473 367 miserante
498 314 570 367 neu
597 294 801 394 mutaret)
826 290 1024 393 nesctm')
1048 294 1142 393 quod
1161 302 1270 371 torret
1288 297 1326 371 in
1349 306 1401 373 ta-

80 394 220 481 nebris,
254 395 347 488 quod
375 392 498 469 stridet
529 397 564 467 irr
585 394 729 471 flammis
755 408 859 493 atque
884 396 927 468 ab
954 400 1084 469 erroris
1106 400 1164 469 via
1191 394 1235 469 ad
1255 399 1322 471 ‘uer
1345 420 1402 470 re·

82 490 220 592 versi⁸)
241 498 388 571 iustitiae
406 518 622 592 nequaquam
640 499 728 570 ultra
745 501 848 573 novis
864 498 1067 571 vulneribus
1083 495 1322 587 saucientur⁴)
1339 496 1404 573 sad

83 598 255 688 integrum
288 599 332 668 sit
361 594 453 693 eis⁶)
487 620 528 669 ac
561 609 763 696 perpetuum
797 610 831 671 et
865 599 956 694 quod
982 608 1040 671 tua
1067 596 1177 693 gralia
1201 600 1345 671 contulit
1368 606 1406 673 et·

85 697 177 795 prod
199 700 435 771 misericordia
457 699 667 772 reformavit.
721 701 788 773 Par
815 702 970 773 eundem.

185 798 283 874 Deus
309 802 519 889 misericors,
541 800 637 876 Deus
656 804 822 893 clemens,
844 804 941 875 Deus
967 802 1025 897 qui
1045 801 1235 875 secundum
1255 801 1404 873 multitu-

83 900 200 973 dinem
221 904 476 974 miserationum
502 911 637 976 tuarum
648 917 802 1002 „peccata
819 907 1065 1000 poenitentium
1081 903 1177 977 deles
1192 913 1227 974 et
1238 904 1404 999 praeteri-

75 1013 198 1075 torum
218 1006 395 1075 criminum
413 1002 533 1100 culpas
555 1008 657 1077 venia
674 1010 888 1079 remissionis
908 1026 1073 1092 evacuas,
1086 1008 1224 1100 respice
1234 1006 1405 1100 propitius

26 1136 30 1141 ·
80 1124 190 1200 super
210 1103 278 1177 hoc
296 1104 444 1177 famulos
466 1103 589 1203 tuost)
615 1117 651 1181 et
667 1111 907 1181 remissionem
928 1108 996 1180 sibi
1014 1109 1162 1179 emnium
1182 1115 1404 1202 peccatorum

79 1227 227 1277 suorum
260 1214 331 1277 tota
364 1205 480 1279 cordis
517 1208 737 1281 confessione
769 1206 996 1304 poscentes⁷)
1030 1207 1050 1279 d
1096 1217 1234 1280 recatus
1266 1205 1403 1279 exaudi.

77 1304 233 1379 Renoua
251 1309 287 1377 in
308 1310 380 1395 eis,
410 1310 562 1401 piissime
582 1309 702 1397 Pater,
734 1310 896 1403 quidquid
916 1319 1055 1380 terrena
1110 1308 1261 1399 agilitate
1285 1328 1406 1379 corru-

75 1418 193 1501 ptum,
219 1406 280 1477 vel
305 1406 468 1502 quidquid
486 1408 657 1480 diabolica
682 1409 805 1481 fraude
826 1409 993 1481 violatum
1013 1419 1065 1481 cst
1085 1418 1120 1478 et
1140 1410 1258 1478 unitati
1280 1428 1405 1501 corpe

72 1511 133 1581 ris
157 1508 328 1580 ecclesiae
351 1508 539 1581 membrum
557 1508 803 1605 redemptionis
826 1508 1024 1603 annecte.⁸)
1070 1506 1239 1579 Miserere
1257 1506 1406 1578 Domine

72 1609 288 1699 gemituum,
311 1612 478 1681 miserere
505 1611 723 1684 lacrimarum
745 1608 904 1707 eorum⁰)
927 1618 962 1681 et
979 1630 1049 1681 nen
1073 1604 1297 1701 habentesffl)
1323 1606 1408 1679 lidu-

73 1713 175 1780 ciam
201 1711 267 1779 nisi
289 1712 324 1780 in
351 1710 585 1785 misericordia
612 1722 669 1784 tua
696 1708 897 1809 adtuac11)
924 1711 1182 1786 Sacramentum
1203 1708 1407 1781 reconcilia-

75 1810 190 1881 tionis
216 1809 365 1882 admitte.
414 1808 553 1908 Per.¹²)

189 1908 406 1983 Maiestatem
431 1921 523 1983 tuam
544 1913 719 2008 supplices
743 1914 992 2008 deprecamur,
1023 1915 1239 2006 omnipotens
1265 1920 1408 1982 aeterne

80 2012 206 2100 Deus,
230 2022 270 2085 ut
301 2011 353 2085 his
375 2012 511 2086 famulis
537 2017 603 2085 tuis
611 2010 661 2109 13)
687 2014 795 2105 longo
818 2015 982 2107 squalore
1001 2015 1233 2109 poenitentiae
1255 2034 1408 2084 macera-

82 2110 194 2211 tis¹⁴)
226 2116 455 2185 miserationis
473 2122 554 2184 tuae
576 2115 713 2184 veniam
739 2115 860 2205 largiri
885 2115 1058 2207 digneris,
1087 2124 1124 2185 ut
1145 2115 1288 2209 nuptiali
1307 2124 1408 2187 veste

86 2215 307 2363 ¹⁹⁰⁰P¹ff⁶⁰d
339 2215 495 2308 regalem
521 2236 675 2287 mensam
701 2214 792 2286 unde
819 2217 921 2287 eiecti
947 2215 1106 2304 fuerant,
1137 2225 1333 2285 mereantur
1358 2217 1408 2285 iu-

90 2320 208 2391 troire.
316 2315 392 2388 Per.

191 2314 361 2489 Atszlutio.
406 2417 572 2491 Dominus
601 2414 699 2490 lesus
731 2413 886 2488 Christus
916 2418 973 2509 qui
999 2417 1104 2488 totius
1126 2413 1242 2485 mundi
1268 2420 1410 2509 peccata

90 2522 145 2593 sui
162 2519 345 2592 traditione
367 2527 468 2614 atque
490 2519 694 2591 immaculati
717 2521 892 2612 sanguinis
912 2517 1078 2589 effusione
1100 2515 1257 2608 dignatus
1278 2524 1329 2589 est
1349 2537 1410 2586 ex-

58 2648 62 2653 ·
89 2644 254 2719 purgare,
275 2624 401 2715 quique
423 2620 598 2715 discipulis
619 2624 690 2695 suis
710 2620 815 2691 dixitr
840 2618 1073 2711 Quaecunque
1095 2618 1286 2710 ligaveritis
1306 2637 1410 2712 super

91 2734 238 2811 terram,
274 2733 374 2794 erunt
404 2722 509 2815 ligata
539 2731 573 2793 et
603 2724 638 2792 iu
663 2723 773 2796 coelis
798 2732 835 2794 et
861 2742 1085 2816 quaecunque
1107 2720 1283 2794 solveritis
1305 2740 1411 2813 super

90 2836 223 2897 terram
243 2834 342 2895 erunt
361 2824 473 2896 seluta
496 2834 531 2894 ct
551 2828 586 2894 iu
609 2825 734 2897 coeliae
763 2825 807 2894 de
830 2845 975 2918 quorum
997 2843 1140 2893 numero
1165 2842 1232 2909 me,
1256 2822 1411 2915 quamvis

91 2924 270 3019 indiguum
287 2927 477 2997 ministrum
500 2946 579 2997 esse
600 2925 731 3013 voluit,
758 2922 994 2995 intercedente
1020 2920 1087 2993 Dei
1113 2924 1281 3012 genitrice
1302 2920 1412 2993 lilaria

92 3037 126 3123 ct
152 3028 258 3101 lreato
277 3026 382 3098 Petro
409 3025 569 3121 apostolo
594 3028 649 3095 cui
672 3024 751 3095 data
778 3033 831 3098 est
852 3033 1005 3119 potestas
1032 3022 1161 3113 ligandi
1188 3021 1413 3097 resolvendi

82 3122 126 3201 'et
153 3128 313 3203 omnibus
332 3126 488 3201 Sanctis:
517 3129 676 3222 ipseper
702 3128 923 3199 ministerium
943 3146 1057 3196 meum
1083 3122 1125 3194 ab
1150 3125 1304 3199 omuibus
1330 3146 1412 3221 pec-

27 3251 33 3259 ·
95 3234 178 3305 catis
197 3232 341 3320 restria
363 3250 591 3325 quaecuuque
614 3237 672 3299 aut
692 3230 915 3321 cogitatione,
934 3236 992 3298 aut
1014 3227 1187 3299 locutione
1209 3226 1269 3301 vel
1291 3247 1413 3325 opera·

89 3420 298 3437 *¹¹*

131 3511 1413 3599 l)llcctiustiel.utinimminentespeenassententiamqueir.i.t.m.noniu-

84 3606 204 3668 cidat.
225 3606 412 3680 Greg.utsic
427 3609 460 3665 in
477 3609 538 3664 lrac
554 3604 777 3661 mortalitate
791 3595 1413 3677 peccaturusteadiuvantedeileat,

83 3691 250 3765 qualiter
274 3694 307 3749 iu
332 3680 1413 3751 tremendiiudiciidiesententiaruaeterueedamnationis

78 3776 239 3835 evadat.
261 3774 367 3852 a)det.
385 3776 537 3833 nesciat.
552 3772 635 3844 Greg.
651 3774 788 3830 evadat
808 3772 1003 3830 etuesciat.
1023 3770 1411 3835 tideldreguoversus.

75 3860 117 3937 ἢ)
139 3860 304 3931 Gellireg.
321 3861 516 3920 saucietur.
548 3858 633 3929 Greg.
651 3874 704 3913 om.
726 3856 842 3912 novis.
871 3854 901 3931 5)
917 3854 1123 3924 Gelliregai.
1145 3848 1412 3925 6)Gel.respice

72 3938 187 4003 tinne
209 3943 372 4003 famulum
394 3950 491 4001 tuum.
518 3942 549 4018 7)
561 3942 853 4014 Galposoentem.
876 3940 907 4013 8)
919 3939 978 3995 (iel.
998 3939 1031 3995 in
1054 3936 1225 3992 unitatem
1245 3932 1414 4006 corporis

71 4028 290 4087 eeclesiae
311 4036 395 4086 tare
417 4029 600 4085 membrum
619 4026 792 4098 perlecta
816 4022 1028 4078 remissione
1048 4019 1215 4076 restitue.
1240 4016 1342 4094 9)(lel.
1357 4031 1412 4073 ora.

72 4112 309 4178 eorum-10)
321 4113 598 4170 Gel.lralrentem.
623 4110 805 4185 tt)Gcl.om.
821 4114 911 4162 tuae.
935 4100 982 4177 12)
996 4103 1250 4161 Oratiancsltaao
1271 4100 1414 4159 miseri-

75 4214 190 4256 cors.
203 4198 296 4255 Deus
311 4198 470 4254 clemens
486 4195 760 4253 actlaieetatem
775 4188 1060 4249 tuamiudelariane
1072 4186 1414 4245 efficiunttermolamlte·

76 4280 388 4339 conciliationis
411 4278 663 4338 Peeaitcutiis
689 4278 732 4335 ad
757 4283 911 4337 merten.
946 4270 1063 4351 ta)det.
1084 4272 1167 4332 huic
1185 4273 1319 4332 lamule
1340 4278 1412 4330 tue.

83 4362 428 4440 14)tict-ruacerate.
456 4360 1135 4439 15)tiel.eieatusiuerrt—mereatur.
