3046 4942
658 322 730 391 281
950 230 958 279 Ι

88 530 90 557 ι
119 514 245 574 servos
273 509 353 575 tuos
382 511 417 573 ct
445 500 588 575 ancillas
610 510 696 574 tues.
738 506 781 594 ll.
809 502 906 575 Deus
927 522 1024 574 maus
1045 515 1222 596 sperantes
1242 512 1277 581 in
1302 522 1346 583 to.

88 608 131 671 tte
160 602 210 673 eis
231 601 378 674 Domine
400 596 565 674 auxilium
591 602 634 674 de
661 602 799 677 Sancto.
847 603 888 675 ll
917 603 961 675 lli
979 602 1023 673 dc
1049 602 1134 676 Sion
1155 617 1253 680 tuere
1277 633 1347 684 eos.

88 702 128 772 ril
148 700 303 823 proiciat
322 707 509 777 inimicus
499 724 534 776 ιιι
555 707 614 778 cis.
660 709 704 797 lb
731 704 776 776 Et
796 700 885 778 lilius
909 707 1095 801 iniquitatis
1111 729 1183 780 non
1203 724 1363 807 apponat!

88 805 251 878 cerceis
293 804 379 879 Esto
409 809 460 879 cis
481 806 627 879 Domine
654 810 758 881 turris
783 807 999 881 fortitudinis
1045 813 1088 900 liz.
1122 809 1157 880 A
1172 811 1299 882 facie
1289 817 1351 883 mi-

88 908 122 977 ci.
168 905 315 978 Domino
335 909 431 981 Dens
450 912 611 980 virtutum
633 918 801 981 converte
819 931 893 983 nos.
930 907 1039 1002 let
1062 905 1206 984 ostende
1227 913 1352 986 faciem

88 1029 127 1077 m
153 1015 187 1078 ct
214 1010 303 1081 salvi
334 1013 468 1083 erimus.
521 1011 669 1083 Domine
700 1009 827 1084 exaudi
852 1015 1043 1085 orationem
1068 1034 1189 1088 meam
1236 1018 1278 1107 ll.
1308 1016 1353 1089 lit

88 1100 167 1180 mor
195 1132 291 1186 meus
314 1112 357 1184 ad
382 1123 418 1184 te
443 1115 569 1185 veniat
615 1114 782 1188 Dominus
803 1113 993 1189 vobiscum.
1042 1119 1087 1206 ll
1110 1115 1155 1187 Et
1180 1139 1258 1189 cum
1283 1121 1353 1271 spi·

88 1221 197 1282 rtuo

138 1310 292 1385 Oramus
345 1312 483 1387 Exaudi
501 1315 648 1388 Domino
668 1338 794 1412 preces
819 1327 957 1392 nostras
984 1327 1019 1391 at
1039 1319 1271 1392 confitentium
1291 1266 1352 1394 libi

88 1435 140 1484 cce
162 1418 328 1509 peccatis,
346 1426 383 1486 nt
403 1436 491 1510 quos
511 1420 742 1492 conscientiae
761 1427 878 1490 reatus
896 1430 1048 1544 accusat,
1066 1420 1278 1538 indulgentie
1293 1432 1352 1494 tua

88 1518 264 1588 serationis
286 1514 454 1588 absolvat.

138 1617 346 1688 Praeveniat
364 1616 428 1691 bos
454 1617 602 1693 famulos
627 1629 720 1709 tuos,
743 1639 951 1714 quaesumus
972 1619 1132 1709 Domina,
1158 1624 1354 1694 misericor

88 1745 92 1786 ι
115 1725 194 1788 tuac
229 1726 267 1788 ut
292 1724 413 1791 omnes
434 1721 628 1814 iniquitates
654 1741 774 1792 eorum
796 1720 904 1792 celeri
929 1719 1141 1813 indulgentia
1164 1723 1356 1794 deleantur:

140 1817 288 1906 Adesto,
308 1819 468 1910 Domine,
489 1821 793 1916 supplicationibus
811 1824 950 1910 nostris,
971 1842 1017 1892 ne
1040 1824 1084 1895 sit
1109 1821 1151 1894 ab
1174 1823 1225 1896 bis
1246 1823 1355 1894 iamn-

99 1922 168 1992 tuis
194 1920 398 1992 clementiae
417 1932 498 1994 tuac
521 1923 707 2019 longinqua
727 1924 922 1997 miseratio·
945 1944 1028 1997 sena
1050 1924 1195 1995 vulnera
1218 1944 1355 1997 conum-

88 2019 254 2093 edimlttc
277 2033 432 2117 peccata,
458 2033 497 2096 ut
521 2024 580 2099 ab
594 2023 750 2099 omnibus
775 2024 1007 2120 iniquitatibus
1033 2028 1175 2121 expiati,
1195 2026 1256 2099 tibi
1282 2024 1353 2100 Do·
1370 2020 1378 2031 “

88 2144 126 2194 ne
147 2143 287 2217 semper
308 2123 447 2197 valcant
467 2124 668 2200 adhaerere.

139 2223 286 2297 Domine
306 2225 403 2300 Deus
421 2237 554 2316 noster,
577 2231 636 2323 qui
661 2227 853 2302 offensione
873 2236 992 2302 nostra
1017 2250 1088 2300 non
1114 2232 1265 2303 vinceris
1290 2229 1354 2303 scd

88 2325 270 2400 infactione
296 2327 457 2422 placaris,
476 2333 613 2425 respice
634 2351 842 2424 quaesumus
859 2328 904 2400 ad
925 2329 989 2404 bos
1008 2329 1162 2404 famulos
1178 2342 1269 2418 tuos,
1297 2333 1354 2423 qui

105 2427 165 2500 tibi
186 2448 353 2523 peccasse
376 2432 530 2522 graviter
556 2430 777 2503 confitentum
804 2440 900 2502 tuum
922 2441 975 2503 est
995 2434 1085 2502 enim
1104 2432 1355 2502 absolutionem

88 2532 213 2604 minum
236 2528 320 2602 dare
343 2543 377 2604 et
395 2535 533 2605 veniam
551 2543 730 2628 praestare
751 2525 986 2629 peccantibus,
1005 2534 1062 2618 oui
1082 2526 1201 2594 dixisti
1222 2537 1256 2597 le
1270 2549 1354 2622 poe-

88 2633 211 2702 entiam
232 2630 335 2704 malle
361 2643 582 2729 peccatorum
601 2657 702 2730 ιιιιιιιιι
724 2644 888 2705 mortem=
916 2621 1070 2695 cencede
1093 2645 1180 2717 ergo
1205 2627 1354 2705 Domine

95 2743 131 2804 et
156 2732 217 2804 tibi
236 2732 473 2828 poenitentiae
488 2736 653 2810 excubias
675 2734 853 2808 celebrent
873 2734 908 2796 et
934 2727 1101 2798 correctis
1128 2723 1261 2804 actibus
1282 2734 1355 2805 suis

88 2833 190 2906 nicrri
215 2835 281 2909 sibi
306 2859 327 2908 a
352 2847 387 2909 tc
410 2842 619 2937 sempiterna
637 2827 763 2921 gaudia
788 2826 1012 2919 gratulentur.
1066 2827 1144 2901 Per.

139 2943 193 3007 llis
213 2950 343 3027 peractis
361 2959 487 3021 aurpnni
505 2941 695 3003 l’oenitenles
720 2947 751 3000 et
773 2939 845 2999 iacit
865 2955 909 3000 era
926 2937 958 3000 P
980 2955 1165 3018 sermonem,
1191 2943 1353 3005 ostendens

88 3045 168 3108 diter
180 3047 269 3111 Adam
290 3054 413 3126 propter
432 3052 585 3122 peccatum
603 3043 716 3104 eiectus
731 3049 778 3102 est
792 3040 829 3100 de
848 3038 983 3119 paradiso
999 3050 1030 3101 et
1047 3041 1136 3103 multa
1151 3044 1306 3108 maledicta
1324 3047 1356 3107 in·

88 3167 103 3208 n
119 3154 262 3224 congesta
275 3155 358 3216 annt;
373 3154 403 3206 et
416 3145 544 3224 qualiter
558 3144 622 3204 elus
636 3142 775 3223 exemplo
789 3141 846 3221 ipsi
857 3141 895 3202 de
907 3139 1034 3202 ccclesia
1046 3141 1082 3204 ad
1091 3152 1206 3223 tempos
1216 3148 1353 3209 eliciendi

88 3258 116 3309 t.
162 3246 228 3323 Quo
251 3247 329 3310 lacto
352 3247 479 3327 accipiat
501 3263 587 3306 unum
607 3263 647 3306 ex
667 3247 711 3306 eis
725 3262 780 3324 pcr
794 3243 947 3304 dexteram
959 3260 1074 3304 manum
1089 3252 1120 3305 el
1135 3249 1300 3311 omnes-alil
1315 3253 1355 3311 ai-

88 3352 147 3412 itcr
159 3367 194 3411 ae
207 3348 341 3412 manibus
355 3359 503 3425 tenentes,
517 3346 655 3409 candelas
674 3363 815 3410 accensas
828 3347 858 3407 in
871 3343 1005 3406 manibus
1023 3354 1162 3408 tenentes
1173 3349 1355 3432 subsequan-

96 3470 164 3512 eum
179 3461 209 3514 el
223 3455 264 3513 ita
278 3470 333 3514 eos
353 3443 451 3513 eiiciat
464 3451 501 3513 de
516 3448 644 3511 ccclesia
659 3468 724 3511 cum
738 3448 865 3510 lacrimis
879 3447 980 3511 dicens
989 3471 1002 3521 ι,

137 3542 233 3633 Ecce
260 3546 419 3616 eiicimini
437 3566 504 3618 vos
526 3541 628 3613 bodie
650 3565 669 3612 a
692 3540 862 3614 liminibus
884 3553 1022 3614 sanctae
1044 3546 1161 3617 matris
1184 3542 1356 3616 ecclesiae

88 3656 180 3742 ›pter
198 3657 341 3743 peccata
364 3658 398 3717 ct
417 3646 552 3720 scelera
571 3654 701 3732 vestra,
722 3646 809 3717 sicut
822 3641 935 3715 Adam
953 3646 1082 3739 primus
1101 3644 1204 3717 homo
1225 3647 1355 3717 eiectus

116 3747 161 3819 da
187 3747 347 3843 paradiso
374 3757 514 3843 propter
535 3748 846 3839 transgressionem
874 3743 1019 3841 suam.¹)

139 3857 179 3920 Et
191 3861 309 3921 interim
323 3859 425 3920 schola
439 3868 536 3921 cantat
550 3858 799 3940 Responsorium:
822 3846 861 3918 ln
880 3848 1008 3922 sudore
1029 3846 1145 3922 vultus
1166 3849 1214 3919 lui
1234 3865 1356 3917 vesce-

88 4000 255 4012 *—

102 4072 132 4147 l)
154 4072 220 4129 ὒιιιιι
232 4074 302 4146 apud
315 4073 445 4146 plurimos
459 4073 487 4128 in
500 4072 704 4128 desuetudinem
719 4070 831 4128 abiisset
845 4071 952 4145 publica
966 4066 1163 4125 Poenitentium
1176 4063 1293 4137 eiectio,
1312 4083 1357 4122 rc-

88 4157 151 4228 rsit,
176 4158 337 4230 praesertim
357 4159 384 4214 in
404 4157 610 4214 Catbedralibus
633 4156 774 4226 ecclesiia,
796 4170 855 4212 moa
873 4153 1000 4211 cilciendi
1016 4152 1084 4208 laria
1095 4150 1132 4206 tv
1145 4149 1271 4207 cinerum
1284 4149 1356 4206 nda-

88 4258 118 4298 ιι.
141 4242 229 4299 llomo
242 4242 349 4316 qnidam
360 4243 560 4317 protoplastum
570 4242 677 4298 bomani
689 4240 800 4314 generis
814 4247 953 4313 parentem
961 4242 1182 4309 repraesentans,
1195 4233 1358 4292 sollenniter

88 4327 236 4384 nabebatur
248 4345 282 4383 ex
293 4329 365 4385 atrio
377 4328 522 4399 ecclcsiae,
540 4327 612 4401 quod
624 4327 687 4383 inda
700 4342 800 4384 nornen
810 4323 917 4398 accepit
931 4319 1102 4395 paradisi.
1114 4318 1358 4377 llobiliscratbacc

88 4411 232 4470 erimoriaa
246 4413 302 4486 pud
313 4412 566 4470 llalbcratadenace.
591 4412 678 4469 Etiam
699 4429 768 4468 nunc
785 4411 862 4467 huius
881 4409 947 4466 ritus
963 4404 1158 4463 memorialem
1173 4404 1360 4462 inllxnbacrel

88 4497 186 4568 atibus,
199 4505 228 4554 nt
238 4498 316 4570 plebs
329 4498 465 4555 ecclesiae
480 4497 645 4555 cathedralis
657 4498 821 4566 turriculam,
837 4495 912 4552 caius
924 4506 1052 4565 campana
1068 4490 1095 4546 ln
1108 4489 1244 4547 eliciendo
1253 4490 1362 4547 Adamo

88 4583 208 4655 sabatur,
220 4583 302 4640 ctiam
312 4582 396 4639 bodie
405 4591 541 4654 nuncupet
555 4582 650 4639 turrim
660 4581 757 4639 Adami
769 4582 813 4637 vel
828 4597 940 4653 parvum
951 4578 1090 4637 Adamum.

1085 4664 1151 4727 20⁶³
