3046 4942
698 302 774 372 als

76 484 115 551 tt·
128 477 213 551 Filii
235 488 270 552 at
288 476 433 575 Spiritus
457 479 587 569 Sancti,
607 492 645 553 ut
663 486 822 579 quiequid
844 487 963 557 illicito
983 486 1043 558 val
1059 491 1167 560 noxio
1188 510 1295 584 opera
1310 510 1392 585 ega·

76 580 168 669 Eut,
190 602 256 677 per
282 581 369 653 hano
397 587 591 654 unctionem
618 597 816 658 evacuatur.
825 582 856 682 ¹)

83 772 90 779 Ι
179 683 237 755 Ad
265 686 375 778 pedet.
429 684 531 777 nga
558 685 621 757 bos
647 688 756 783 pedes
783 687 827 759 de
853 689 934 761 olea
961 687 1163 771 benedicta,
1197 690 1392 762 innomine

76 780 189 857 ¹'atris
212 793 247 856 et
272 785 352 856 Filii
374 795 409 856 at
435 786 581 880 Spiritus
604 784 741 860 Sancti:
766 799 800 862 ut
826 790 986 885 quioquid
1009 784 1182 881 superfluo
1205 790 1265 862 vel
1286 794 1392 863 uranio

76 898 216 959 Ιοοεειι
235 890 492 974 commiserunt,
515 891 578 960 ista
602 890 716 962 deleat
736 888 971 988 perunctio.²)

181 988 247 1058 Udi
270 993 350 1082 pios
374 994 519 1062 imminet
550 987 612 1084 (sc.
639 991 754 1088 dolor)
782 992 884 1085 Ungo
909 996 943 1057 ta
963 986 1007 1058 da
1031 988 1111 1058 oleo
1134 1003 1253 1065 sancta
1274 997 1308 1063 ln
1327 1015 1390 1066 no·

76 1090 168 1159 nine
191 1089 302 1161 Patris
325 1100 359 1160 et
380 1090 456 1162 Filii
476 1101 510 1162 et
532 1092 678 1187 Spiritus
701 1093 827 1175 Sanoua,
848 1087 1035 1161 obsecrans
1053 1091 1323 1165 misericordiam
1341 1099 1391 1191 ip·

76 1190 147 1261 tus
175 1193 276 1263 unius
300 1191 437 1263 Domini
463 1197 572 1266 nostri
597 1193 678 1267 lesu
706 1192 847 1276 eluisti,
871 1199 908 1260 ut
934 1190 1091 1262 omnibus
1112 1191 1239 1285 fugatis
1262 1196 1391 1268 dolori·

76 1302 137 1363 tus
157 1291 219 1361 vel
239 1290 571 1366 incommoditatibus
598 1292 754 1384 corporis
771 1292 833 1375 tui,
861 1303 1088 1386 recuperetur
1108 1297 1202 1366 vitae
1223 1301 1334 1370 virtus
1354 1311 1388 1370 et

76 1388 220 1464 'tenitasz
249 1405 414 1487 quatenus
436 1417 499 1489 per
523 1394 620 1466 huius
640 1392 874 1484 operationem
895 1396 1049 1485 mysterii
1075 1404 1109 1464 et
1130 1397 1308 1490 perhanc
1334 1424 1388 1474 sa-

76 1495 160 1565 rati
191 1493 261 1564 olei
284 1498 480 1565 unctionem
508 1505 607 1582 atque
629 1500 779 1561 nostram
802 1489 1078 1586 deprecationem
1098 1501 1225 1568 virtute
1244 1499 1388 1573 Trinita-

76 1582 114 1665 ὴ
136 1594 340 1680 medicatus,
363 1597 536 1689 pristinam
559 1599 595 1659 et
619 1592 729 1681 magis
755 1591 930 1663 robustam
955 1596 1112 1688 racipere
1138 1603 1304 1671 merearis
1333 1624 1387 1674 sa-

76 1691 252 1765 itatemi

76 1810 88 1837 -·
176 1795 234 1865 Ao
253 1693 374 1866 >amna
405 1813 579 1883 compopea
612 1789 835 1866 nwmdroram
887 1792 989 1885 ngo
1016 1805 1052 1865 te
1078 1795 1123 1865 da
1149 1805 1227 1868 oleo
1254 1808 1386 1886 sancto,

76 1902 232 1969 {vocata
256 1890 366 1982 magni
386 1886 561 1962 Creatoris
583 1894 774 1981 maiestate,
802 1896 860 1989 qui
884 1897 982 1966 iussit
1002 1917 1066 1991 per
1088 1893 1285 1970 Samuelem
1306 1923 1387 1995 pro-

76 1986 207 2067 llrelam
229 1995 311 2083 uugi
330 1989 443 2062 David
465 2013 594 2083 regem.
638 1989 804 2087 Operam,
827 2006 984 2066 creatura
1008 1995 1090 2086 olei,
1112 2000 1148 2068 iu
1168 2002 1306 2072 nomina
1322 1998 1386 2073 Pa-

76 2096 131 2191 ris
154 2106 190 2167 et
208 2092 284 2167 Filii
307 2100 341 2163 et
360 2091 507 2187 Spiritus
521 2091 649 2181 Sanco,
673 2101 708 2165 ut
729 2117 798 2166 non
819 2097 922 2168 lateat
943 2096 998 2166 hic
1016 2096 1163 2192 Spiritus
1181 2084 1394 2189 immundum

76 2210 186 2291 mque
208 2196 244 2263 iu
272 2193 450 2279 membris,
478 2214 590 2288 neque
623 2196 658 2265 in
686 2196 864 2286 medullis,
893 2219 1006 2292 neque
1028 2202 1062 2269 iu
1087 2199 1157 2271 ulla
1181 2208 1384 2300 compagine

76 2297 299 2369 nembrorum
316 2296 379 2366 sed
396 2294 608 2366 inhabitatio
627 2306 661 2367 te
682 2299 791 2369 uirtus
811 2296 937 2371 Christi
955 2300 1108 2372 altissimi
1128 2298 1237 2377 Filius
1254 2315 1289 2378 at
1306 2326 1382 2381 san·

76 2396 228 2471 stificatio
251 2395 368 2469 Sancti
390 2396 547 2491 Spiritus.
556 2394 593 2492 ⁴)
687 2408 712 2447 -“

170 2494 250 2569 ilem
275 2500 348 2570 olio
368 2504 482 2571 aacdo.
536 2498 669 2590 Inunga
697 2509 730 2570 te
752 2500 944 2572 innomine
966 2501 1076 2574 Patris
1096 2511 1131 2573 et
1151 2498 1229 2574 Filii
1249 2515 1284 2579 et
1307 2506 1382 2601 Spi-

76 2603 152 2671 ltus
176 2596 293 2670 Sancti
325 2600 405 2671 oleo
434 2610 555 2697 sauata
577 2610 679 2694 atque
705 2610 856 2690 sacrato,
882 2612 918 2672 ut
944 2604 1071 2674 virtma
1093 2601 1239 2698 Spiritus
1267 2604 1383 2678 Sancti

76 2699 193 2772 ribuat
214 2700 274 2771 tibi
300 2700 386 2771 haec
413 2724 511 2772 sacra
534 2705 648 2773 unctio
676 2705 853 2774 sanitatem
876 2705 1008 2775 animae
1031 2712 1066 2775 ai
1092 2710 1249 2802 corporis
1270 2709 1304 2778 in
1327 2732 1381 2780 re-

76 2800 263 2897 nissiouem
291 2806 438 2874 amnium
461 2813 681 2897 peccatorum
705 2815 740 2876 et
762 2808 868 2875 uitam
895 2816 1078 2877 aeternam.

169 2898 335 2998 impositio
354 2930 514 2978 mamam
567 2905 663 2977 Deus
690 2905 844 2977 salvator
866 2916 1003 2996 uester,
1031 2910 1153 3001 quies
1180 2928 1265 2981 vera
1288 2908 1380 2986 salus

76 3012 104 3081 tt,
130 3001 298 3076 medicina
326 3018 360 3079 et
386 3029 406 3076 a
434 3029 500 3101 quo
525 3010 633 3079 omnis
656 3009 782 3079 sanitas
809 3017 843 3077 et
869 3008 1151 3079 medicamentum
1177 3015 1290 3083 uenit:
1324 3018 1381 3108 qui

76 3104 216 3201 ¹rpostali
235 3108 283 3177 tui
302 3130 393 3185 voce
419 3130 484 3179 nos
507 3108 658 3195 instruis,
681 3117 718 3177 ut
744 3106 925 3198 languidos
947 3107 1016 3179 olei
1041 3109 1176 3202 liquare
1198 3120 1379 3206 tangentes

76 3227 144 3278 uae
176 3208 390 3301 postulemus
425 3205 693 3280 misericordiam
724 3211 878 3303 pietatis:
910 3211 1047 3304 respice
1082 3212 1248 3305 propitius
1275 3234 1379 3311 super

76 3329 156 3378 mue
180 3307 343 3382 tammum
371 3321 466 3382 tuum
487 3308 538 3380 lll.
566 3318 600 3379 et
620 3331 719 3402 quem
742 3307 890 3401 languor
913 3319 1034 3381 curvat
1055 3310 1098 3383 ad
1122 3312 1251 3385 exitum
1273 3326 1307 3386 et
1327 3321 1378 3388 vi-

76 3410 151 3480 dum
173 3408 332 3484 delectus
357 3412 458 3484 trahit
484 3410 527 3481 ad
548 3425 721 3499 occasum,
744 3410 879 3481 medela
899 3419 977 3482 tuae
1004 3414 1136 3505 gratiae
1158 3419 1312 3489 restituat
1334 3418 1378 3489 ad

76 3510 218 3582 alutem.
240 3511 332 3584 Sana
353 3535 502 3608 quoque,
523 3532 741 3605 quaesumus,
761 3514 910 3582 omnium
931 3513 1119 3587 medicator
1138 3518 1211 3589 aius
1231 3516 1377 3589 febrium

76 3618 97 3680 n
129 3622 332 3685 cunctarum
365 3616 567 3707 languorum
599 3616 769 3685 cruciatus
803 3613 1117 3711 aegritudinemque
1153 3628 1187 3687 et
1219 3618 1377 3689 dolorum

76 3716 214 3784 tmuium
240 3714 394 3788 dissolve
419 3722 605 3801 tormenta,
634 3716 874 3808 viscerumque
901 3736 942 3787 ac
970 3716 1121 3789 cordium
1148 3721 1280 3788 interna
1307 3740 1376 3788 me-

76 3806 151 3903 lica,
170 3814 397 3889 medullarum
416 3837 553 3911 quoque
573 3823 607 3885 ai
623 3818 885 3907 cogitationumz
914 3836 996 3890 sana
1015 3819 1206 3892 discrimina
1223 3818 1375 3888 ulcerum

76 3918 318 4012 uanitatumqua
335 3918 532 4016 putredines
551 3938 695 4005 euacua,
713 3919 1065 4014 conscientiarumque
1083 3918 1184 4014 atque
1197 3918 1374 4013 plagarum

76 4054 275 4071 —n—

123 4119 153 4193 1)
168 4120 271 4176 Theod.
286 4122 342 4177 liat.
356 4121 427 4175 liam.
446 4120 532 4190 „item
550 4135 633 4190 super
649 4123 740 4175 marius
756 4119 817 4174 atsi
829 4120 975 4188 Presbyter
987 4128 1094 4177 estnon
1106 4120 1190 4189 inira,
1203 4120 1244 4177 siu
1256 4121 1334 4177 aliter
1345 4131 1372 4179 et

143 4205 164 4235 tt

76 4202 157 4361 ¹mi)
172 4287 277 4343 Theod.
292 4288 347 4342 liat.
362 4287 435 4343 Rern.
448 4288 532 4357 „item
544 4304 627 4359 super
639 4287 724 4359 pedes
737 4294 764 4344 et
775 4289 824 4344 sub
836 4288 935 4359 plantis
947 4303 1042 4343 eruces
1057 4288 1155 4341 liunt“

124 4374 157 4445 3)
172 4370 214 4432 ltt.
229 4384 298 4441 „sen
313 4373 340 4427 lu
354 4368 418 4427 laco
433 4372 477 4427 uli
489 4371 570 4427 dolor
582 4372 641 4443 plns
653 4372 772 4428 imminet
786 4372 901 4445 amplias
913 4371 1111 4443 perungatur-‘⁴
1240 4448 1243 4453 Ι

123 4456 156 4531 t)
169 4455 295 4512 Occurrit
311 4455 406 4512 Oratio
421 4455 448 4511 iu
460 4455 573 4527 reliquis
585 4455 741 4539 domabas,
752 4463 781 4513 at
793 4457 946 4514 unctionem
961 4455 1016 4527 „ad
1026 4469 1122 4513 omues
1133 4471 1280 4529 compages
1293 4474 1373 4516 mena-

78 4541 195 4596 rornm“
210 4539 238 4594 in
253 4539 356 4596 Tiliauo
373 4546 474 4596 taawm
487 4538 660 4607 investigavi.

1102 4626 1168 4688 22*
