3046 4942
722 310 810 381 aab

162 487 211 563 v.
236 488 515 576 nnnnnrorro
541 490 802 567 rmuannu
826 492 1056 615 nourmcn
1082 448 1366 595 inprouiso

494 628 529 726 a)
556 625 619 699 Ex
643 626 813 705 missali
838 631 1035 705 Romano.

214 771 367 854 completa
381 770 480 833 Tertia
494 782 526 834 et
537 774 613 834 lacta
628 777 801 855 aspersione
815 796 910 859 aquae
923 796 1005 839 more
1018 776 1107 839 solito
1117 774 1289 853 ,Sacerdos
1303 774 1419 839 indutus

110 874 232 957 pluviali
248 873 382 936 violaceo
396 874 444 935 vel
459 876 523 935 sine
537 877 645 953 casula,
660 896 723 938 cum
740 880 879 942 ministris
893 878 1029 941 similiter
1044 879 1162 956 indutis,
1177 880 1312 959 procedit
1322 879 1357 940 ad
1370 878 1419 940 be·

109 974 306 1039 nadicendnm
321 994 417 1037 ramos
431 975 587 1057 palmarum
601 978 792 1058 etolivarnm,
803 983 867 1043 sive
878 982 998 1045 aliarum
1008 967 1198 1067 arborum,²)
1209 983 1237 1042 in
1247 982 1420 1043 medicante

108 1078 204 1141 altare
225 1078 273 1140 vel
294 1078 329 1138 ad
353 1096 443 1139 coron
459 1078 611 1159 llpistolae
626 1083 747 1162 positas.
786 1082 824 1145 lit
838 1087 932 1166 primo
948 1093 1109 1145 cantatura
1124 1082 1223 1145 Gboro
1237 1084 1418 1164 Antiphone:

106 1170 272 1243 llosanna
301 1170 371 1242 lilio
392 1171 523 1244 David:
553 1173 753 1247 benedictus
783 1182 839 1272 qui
867 1181 962 1249 venit
984 1179 1018 1248 in
1039 1180 1177 1249 nomine
1198 1176 1344 1249 Domini.
1389 1175 1418 1249 0

107 1296 177 1345 rex
201 1272 328 1363 lsrael,
352 1272 513 1347 Hosanna
534 1278 569 1346 in
596 1277 753 1350 excelsis.
1368 1346 1371 1351 .

213 1384 327 1447 Deinde
340 1385 486 1446 Sacerdos
506 1395 586 1448 stans
608 1389 636 1449 in
661 1406 753 1450 cornu
766 1386 936 1469 Epistolae,
958 1407 1017 1451 non
1033 1398 1154 1450 vertens
1168 1408 1201 1451 se
1217 1387 1253 1450 ad
1268 1386 1418 1470 populum,

109 1487 182 1549 dicit
201 1488 230 1547 in
252 1495 323 1548 tono
346 1486 487 1550 Oratione
504 1487 613 1553 blissae
634 1490 761 1552 ferialis:
788 1480 953 1555 Dominus
975 1482 1162 1554 vobiscum.
1206 1486 1248 1572 llr.
1276 1480 1319 1552 Et
1342 1502 1419 1551 cum

109 1582 229 1676 spiritu
254 1591 323 1651 tuo.
367 1579 522 1653 0remus.
568 1581 676 1670 Deus,
704 1605 804 1677 quem
831 1581 976 1675 diligere
1003 1593 1038 1654 ct
1063 1605 1178 1654 amaro
1200 1585 1324 1655 iustitia
1346 1593 1416 1654 est:

106 1681 289 1754 ineffabilis
317 1685 447 1774 gratiae
469 1692 549 1755 tuae
569 1687 604 1754 in
624 1683 724 1756 nobis
744 1685 832 1755 dona
855 1684 1059 1778 multiplica:
1087 1693 1120 1755 et
1144 1686 1202 1778 qui
1221 1682 1333 1754 iecisti
1354 1705 1418 1754 nos

108 1787 144 1855 in
163 1792 274 1857 morte
293 1782 351 1854 lilii
372 1787 420 1855 tni
441 1805 582 1879 sperare
603 1807 690 1880 quae
708 1784 897 1858 credimus:
918 1785 974 1857 iao
991 1808 1055 1859 nos
1074 1786 1196 1857 eodem
1215 1792 1419 1877 resurgente

105 1888 295 1983 pervenire
319 1907 386 1978 quo
407 1885 585 1960 tendimus.
634 1884 700 1971 Qui
723 1898 834 1960 tecum
856 1885 993 1986 vivit.³)

212 1997 319 2057 Postea
335 1996 538 2060 subdiaconus
559 2000 588 2059 in
610 1997 679 2060 loco
696 2000 789 2062 solito
812 2009 908 2061 cantat
928 2008 1101 2082 sequentem
1123 1998 1281 2060 lectionem
1300 1998 1416 2059 intono

104 2097 262 2181 Epistulae
279 2107 309 2159 et
323 2100 351 2160 in
367 2100 424 2161 tine
440 2101 588 2162 osculatur
602 2120 714 2162 manum
730 2103 910 2164 Sacerdotis.

129 2194 132 2199 '
211 2189 329 2263 lectio
351 2191 442 2265 Libri
463 2191 577 2265 Exodi
595 2192 675 2283 XV,
696 2198 742 2267 at
756 2194 909 2284 -xvt,
933 2197 1046 2266 1-7
1069 2192 1108 2264 ln
1128 2193 1248 2267 diebus
1270 2193 1338 2267 illis
1357 2214 1418 2264 ve-

105 2303 233 2367 nerunt
251 2292 310 2364 lilii
328 2292 436 2368 lsrael
453 2297 487 2366 in
505 2295 592 2367 Elim
615 2309 678 2368 etc.
698 2340 745 2351 —
765 2308 800 2368 et
817 2320 915 2369 manc
932 2296 1092 2369 videbitis
1110 2297 1255 2387 gloriam
1271 2297 1416 2367 Domini.

210 2404 327 2467 Deinde
341 2415 473 2467 cantatur
486 2426 542 2488 pro
559 2408 710 2473 Graduali:
737 2397 960 2492 Collegerunl
982 2396 1164 2469 Pontifices
1188 2406 1221 2468 el
1243 2396 1418 2478 Pharisaei

110 2498 291 2571 concilium
318 2509 352 2570 et
378 2498 554 2572 dixerunt:
583 2498 671 2585 Quid
699 2500 853 2590 iacimus,
881 2503 958 2595 quia
985 2499 1040 2569 bic
1060 2498 1163 2569 bomo
1190 2497 1293 2569 multa
1320 2500 1418 2590 signa

110 2600 216 2673 iacit?
259 2598 297 2672 Si
317 2601 511 2677 dimittimus
538 2625 614 2674 eum
641 2605 692 2676 sie
720 2624 839 2676 omnes
866 2601 1007 2675 credent
1031 2603 1065 2671 in
1088 2622 1174 2672 enm.
1215 2597 1258 2671 Et
1278 2602 1419 2671 venient

108 2703 255 2776 Romani
276 2713 309 2775 et
328 2704 451 2776 tollent
470 2715 622 2779 nostrum
643 2705 756 2779 locum
779 2715 812 2777 et
835 2714 981 2799 gentem.
1020 2703 1116 2776 Unus
1138 2712 1248 2774 autem
1272 2724 1318 2774 ex
1337 2701 1417 2790 illis,

110 2804 256 2900 Caiphas
273 2809 424 2899 nomine,
443 2830 517 2878 curn
538 2818 631 2883 esset
648 2808 809 2880 Pontifex
827 2811 904 2879 anni
924 2809 1014 2880 illins
1030 2805 1261 2904 prophetavit,
1281 2805 1416 2877 dicens:

106 2905 260 2999 Expedit
277 2906 378 2978 vobis
397 2916 435 2977 ut
455 2930 542 2980 unns
563 2914 726 2982 moriatur
748 2911 850 2982 bomo
871 2932 933 3006 pro
956 2910 1085 3006 populo
1105 2917 1139 2979 et
1156 2929 1226 2979 non
1243 2916 1313 3005 tota
1331 2928 1418 2999 gens

105 3016 240 3107 pereat.
285 3006 341 3078 Ab
367 3007 427 3079 illo
455 3030 541 3102 ergo
569 3011 624 3082 die
646 3010 883 3105 ¹cogitaverunt
910 3011 1104 3083 interlicere
1129 3031 1220 3101 eum,
1247 3009 1416 3082 dicentes:

105 3110 154 3184 Et
175 3111 316 3180 venient
336 3119 399 3182 etc.

107 3254 330 3269 ...ιι-...Ι

103 3348 107 3353 -
148 3341 150 3345 <
181 3315 212 3392 1)
232 3317 379 3374 lanterius
399 3315 434 3372 de
455 3317 537 3389 antia.
554 3318 622 3374 cccl.
638 3318 706 3377 diso.
726 3336 752 3379 c.
767 3321 803 3375 Di
822 3319 1043 3390 „benedictionis
1056 3319 1203 3375 Palmam‘m
1218 3317 1288 3373 nulla
1305 3322 1418 3391 apparet

106 3403 213 3461 tentio
234 3402 306 3474 apud
328 3408 456 3458 auctores
475 3409 538 3459 ante
555 3404 691 3460 meantum
707 3412 830 3478 octavam
846 3412 891 3461 sot
905 3408 1033 3461 nonnm.“
1065 3405 1157 3477 licque
1171 3403 1350 3459 labefactatur
1365 3401 1417 3458 riri

106 3488 186 3546 docti
207 3487 343 3543 sententia
358 3485 483 3543 Gerbeiti
499 3481 690 3561 Bioteriniique
712 3489 893 3561 disputatione
916 3489 967 3545 iam
981 3490 1118 3562 prioribus
1133 3487 1250 3545 saeculis
1264 3486 1344 3543 ritum
1358 3485 1417 3541 Pal-

106 3589 212 3632 ruarum
233 3570 415 3628 introductum
437 3587 501 3628 esse
520 3574 708 3630 asserentium.
738 3573 809 3630 Nihil
830 3575 900 3630 enim
920 3575 1011 3631 valent
1031 3576 1121 3648 spuria
1136 3574 1164 3630 S.
1180 3570 1307 3642 Gregorii
1321 3584 1417 3642 opera,

107 3657 183 3715 baud
194 3656 321 3713 idoneum
331 3663 516 3726 argumentum
528 3660 642 3729 praebet
653 3675 750 3716 nomen
761 3676 826 3716 sane
838 3659 1047 3732 antiquissimum
1058 3658 1173 3716 Domin
1181 3657 1189 3712 i
1197 3672 1235 3712 ca
1249 3655 1283 3710 in
1296 3654 1337 3709 lla
1346 3654 1418 3723 mis,

106 3744 143 3801 D.
158 3741 191 3798 in
203 3741 260 3798 l’al
269 3758 293 3796 m
302 3741 310 3796 i
319 3759 344 3810 s,
358 3741 458 3812 qnippe
472 3742 544 3814 quod
560 3751 666 3814 spectat
680 3744 714 3801 ad
728 3746 913 3816 evangelicam
927 3747 1121 3802 narrationem:
1137 3758 1190 3798 non
1203 3739 1237 3796 ad
1248 3737 1435 3831 bentadiotio·¹

104 3843 170 3883 nem
186 3827 334 3882 Palmarum
355 3825 405 3882 sed
420 3825 454 3882 ad
470 3827 639 3900 Antiphonas
652 3836 753 3886 tanturn
766 3830 815 3885 illo
831 3830 876 3887 die
890 3831 952 3887 cani
968 3831 1061 3887 solitas
1076 3826 1188 3900 respicit
1209 3823 1367 3882 Aldbelrnus
1380 3822 1417 3905 ¹de

106 3911 212 3983 virgin.
230 3914 261 3967 15
282 3910 379 3982 „llaud
395 3911 494 3968 trustra
510 3913 636 3969 vocabuli
650 3909 815 3988 (Benedicti)
830 3916 1000 3988 privilegium
1015 3913 1186 3986 participavit
1202 3925 1261 3966 cum
1275 3902 1418 3967 Advocato

108 4005 140 4054 et
153 3997 335 4069 Redemptore
350 4003 459 4055 nostro:
480 3998 515 4054 de
533 4014 586 4071 qno
601 3999 733 4056 lactentes
747 3998 906 4070 Evangetici
920 4014 1039 4055 consona
1054 3998 1132 4053 vocis
1145 3994 1284 4052 harmonia
1299 3993 1418 4066 psallen-

107 4088 153 4139 tes
168 4080 343 4138 concorditer
358 4083 528 4140 cecinerant:
544 4083 706 4140 Benedictus
720 4083 764 4155 qni
780 4085 855 4139 venit
867 4083 893 4138 in
912 4082 1019 4139 nomine
1034 4076 1148 4137 Domini.
1180 4080 1260 4135 Cuius
1275 4078 1316 4135 rei
1333 4095 1416 4150 rogn-

107 4167 163 4223 lam
184 4173 277 4223 nostra
294 4183 400 4239 quoque
415 4168 589 4225 rnediocritas
603 4166 770 4242 (authentica
785 4175 906 4224 veterum
921 4166 1081 4223 anctoritate
1096 4160 1217 4240 subnixi)
1231 4163 1259 4220 in
1274 4180 1417 4221 sacrosan·

89 4258 155 4308 ·eta
170 4252 319 4308 Palinurum
340 4253 517 4325 solennitate,
539 4254 610 4311 binis
624 4254 771 4323 classibus,
796 4267 896 4309 canora
912 4266 983 4307 voce
997 4264 1166 4322 concrepans
1181 4256 1208 4306 et
1222 4250 1337 4320 geminis
1351 4265 1418 4306 con-

109 4338 253 4407 centibus,
269 4352 371 4393 osanna
386 4340 537 4410 persultans
552 4357 610 4395 cunr
625 4338 757 4396 incundae
772 4337 937 4395 iubilationis
952 4335 1067 4393 melodia
1081 4335 1303 4392 concelebrant.“
1408 4342 1411 4347 '

181 4420 213 4486 2)
228 4422 258 4478 lu
273 4421 413 4478 Germania
429 4425 652 4496 septentrionali,
669 4441 727 4481 cnm
742 4422 838 4480 desunt
852 4423 956 4495 palmae
972 4428 1052 4493 atque
1068 4420 1167 4492 olivae,
1183 4416 1288 4492 lugiunt
1303 4419 1337 4478 ad
1351 4421 1416 4478 sali-

113 4524 177 4578 ces,
194 4523 305 4578 quarum
320 4506 387 4562 rami
401 4507 493 4580 primis
506 4511 619 4567 amentis
633 4510 813 4582 pubescentes
829 4509 942 4564 Domino
957 4508 1113 4564 otiernntur.

183 4589 216 4668 3)
231 4592 262 4648 c.
277 4597 311 4649 et
325 4608 412 4664 qnae
430 4592 562 4649 iecisti.
