3046 4942
724 264 800 338 384

74 468 78 473 ·
107 455 220 527 tunice
238 451 454 525 iucunditatis
473 460 510 523 et
529 452 690 548 imposuit
707 450 768 525 tibi
787 471 951 525 coronam
963 459 999 522 et
1010 452 1152 524 mnevit
1165 459 1204 522 te
1217 452 1412 522 ornamentis

109 558 245 630 sanctis.
261 561 303 628 tt,
315 553 480 627 Nationes
493 554 680 649 longinquo
694 554 739 625 ud
751 563 787 626 te
798 556 941 627 venient
953 562 989 625 et
999 574 1143 625 munera
1157 551 1357 632 deferentes
1363 551 1412 623 ad

109 657 254 731 orabunt
266 657 448 731 Dominum
469 667 504 728 ct
522 666 649 728 terrem
662 667 754 730 tuam
775 660 810 728 in
828 655 1097 731 sanctificatione
1116 653 1291 727 habebunt
1307 665 1341 726 et
1356 676 1413 727 no

107 781 186 832 men
201 782 360 853 magnum
373 770 467 831 tuum
482 759 698 831 invocabunt.
722 759 766 831 Et
778 762 916 832 ornavit
927 770 971 830 te.
991 762 1034 832 tf.
1043 758 1228 830 Benedicti
1245 768 1343 846 erent,
1356 759 1411 852 qui

106 872 142 935 te
169 862 448 952 aedificaverunt,
467 872 504 932 tu
526 871 638 933 autem
659 861 842 935 laetaberis
864 865 899 934 in
919 861 998 935 filiis
1017 863 1105 950 tuis,-
1120 862 1284 956 quoniam
1303 881 1408 932 onnes

107 964 353 1037 benedicentur
370 975 405 1036 et
424 963 725 1057 congregabuntur
744 965 787 1037 ad
808 964 999 1036 Dominum.
1040 961 1085 1034 Et
1102 966 1251 1035 ornent
1271 973 1312 1034 tc.
1339 971 1408 1032 ltu:

105 1065 146 1139 ln
166 1066 360 1140 velamento
388 1066 673 1139 alerumtuernm
694 1078 840 1164 protege
864 1089 929 1141 nos
953 1066 1099 1139 Domine
1122 1075 1162 1137 et
1184 1069 1223 1136 in
1245 1064 1343 1137 leude
1359 1074 1410 1136 tur

57 1239 59 1245 ,
107 1169 306 1263 gloriemur.
351 1171 512 1244 Prulmus.
548 1168 644 1243 Deus
665 1169 760 1244 Deus
782 1190 893 1260 mens,
915 1168 959 1240 ad
976 1179 1011 1242 ts
1032 1168 1076 1239 de
1095 1168 1176 1239 luce
1196 1186 1257 1239 etc
1296 1165 1408 1238 Gloria.

106 1280 207 1345 Einito
226 1280 339 1363 psalmo
353 1281 492 1344 Pontifex
512 1282 648 1362 deposita
670 1283 754 1344 mitre
774 1281 911 1344 escendit
928 1280 965 1343 ad
983 1279 1078 1342 altare
1096 1288 1130 1341 et
1142 1280 1223 1341 frctr
1241 1280 1320 1341 cruol
1332 1294 1410 1359 super

107 1383 190 1444 altari
206 1385 320 1464 positae
334 1386 513 1463 reverentia,
527 1385 631 1464 incipit
643 1384 746 1447 sobole
756 1393 957 1466 prosequente
966 1382 1180 1463 Antiphonem:
1196 1371 1317 1446 Omnis
1330 1382 1410 1443 tem

107 1475 228 1548 adoret
248 1487 283 1548 te
301 1476 397 1550 Deus
423 1489 457 1550 et
475 1477 600 1573 psallet
618 1476 690 1567 tibi,
716 1477 883 1583 psalmum
905 1478 995 1549 diem
1015 1478 1154 1549 nomine
1174 1485 1237 1548 tao
1264 1474 1406 1547 Domine.

106 1586 226 1649 Interim
249 1588 388 1651 Pontifex
415 1590 550 1652 incensat
570 1608 662 1671 super
681 1590 775 1652 ulture
793 1592 824 1652 in
843 1589 959 1651 modom
985 1589 1078 1650 crrcls
1099 1595 1131 1649 et
1149 1588 1324 1669 Antiphone
1343 1587 1408 1647 finite

107 1689 246 1752 Pontifex
267 1709 330 1752 esur
358 1693 498 1774 reincipit
515 1702 545 1754 et
558 1693 660 1755 schole
673 1694 880 1774 prosequitur,
904 1702 935 1754 et
948 1692 1063 1753 interim
1076 1692 1182 1751 iterum
1201 1692 1271 1771 ipse
1284 1689 1409 1752 Pontifex

106 1810 199 1874 super
217 1794 310 1855 altare
329 1797 358 1857 in
379 1794 496 1857 modum
518 1797 613 1857 crucis
627 1798 779 1874 ineenset,
801 1795 882 1878 quud
894 1804 925 1856 et
938 1795 1026 1856 tertio
1039 1794 1127 1864 fecit;
1148 1810 1209 1874 quo
1222 1795 1321 1872 fecto,
1339 1802 1409 1854 snm

106 1905 176 1958 ante
189 1895 314 1958 medium
328 1896 444 1975 alteris,
459 1897 544 1960 dicit:

213 1991 357 2061 oraim
399 1989 595 2065 Descendat
619 2011 824 2084 quaesumus
842 1988 988 2060 Domine
1006 1987 1101 2061 Dens
1119 1997 1257 2077 nostem·
1274 1985 1411 2083 Spiritus

105 2099 186 2164 tuus
207 2089 353 2164 Sanctus
375 2113 479 2185 super
501 2091 567 2161 boc
585 2091 706 2180 ultore,
735 2095 792 2186 qul
811 2098 845 2162 et
866 2091 955 2163 donc
978 2098 1094 2164 nostre
1122 2102 1158 2162 et
1174 2090 1291 2186 populi
1317 2091 1410 2160 tniin

107 2212 151 2263 eo
185 2189 374 2265 sanctificet
402 2203 436 2263 et
458 2195 661 2266 sumentium
684 2194 789 2266 corda
816 2193 996 2285 dignanter
1017 2191 1188 2265 emundet.
1241 2191 1307 2263 Per
1332 2189 1407 2263 Gbr.

105 2297 148 2386 ib.
176 2294 298 2367 Amen.
930 2343 932 2347 ψ

209 2398 354 2470 Orenum
405 2394 627 2494 Omnipotens
659 2400 866 2494 sempiterne
902 2397 1017 2486 Deus,
1049 2396 1160 2468 altere
1194 2394 1262 2468 boc
1288 2396 1409 2466 nomini

105 2508 165 2572 tuo
194 2499 386 2572 dedicatum
412 2500 575 2574 coelestis
601 2501 736 2574 virtutis
758 2500 997 2573 benedictione
1017 2497 1259 2592 suncti†bca‚
1286 2508 1321 2576 et
1347 2518 1411 2569 om

104 2603 205 2674 nibus
226 2607 261 2675 in
284 2613 321 2675 te
342 2603 556 2697 sperantibus
579 2605 688 2676 virtus
712 2612 747 2675 et
766 2613 927 2675 votorum
950 2602 1143 2676 obtineatur
1164 2601 1319 2674 effectus.
1351 2600 1410 2671 Per

105 2703 204 2776 Dour.
237 2710 280 2796 lic
301 2703 424 2775 Amen.
461 2704 560 2776 Dom.
582 2703 661 2776 vob.
696 2703 740 2776 Et
757 2726 844 2777 cum.
882 2705 1131 2778 Benedicumus
1145 2704 1309 2776 Domino.
1341 2703 1407 2775 Deo

105 2808 242 2898 gratius.

209 2917 275 2992 Quo
300 2914 379 2978 dicto
393 2916 533 2979 Pontifex
551 2915 665 2978 accedit
685 2917 720 2979 ad
741 2920 903 2980 sacristiam
923 2920 991 2981 sive
1011 2916 1190 2994 cumdum,
1216 2917 1268 2979 ubi
1283 2916 1404 2999 deposito

105 3017 245 3100 pluviali,
264 3021 290 3080 si
310 3019 466 3082 celebrare
478 3018 623 3097 volucrit3
647 3020 726 3101 quud
742 3023 1001 3096 conveniensem,
1022 3021 1135 3100 occipit
1146 3019 1300 3094 crudelia,
1319 3020 1404 3083 dicens

105 3118 261 3202 prelorum:
290 3110 400 3198 Quem
426 3113 572 3202 dilectu.
595 3142 660 3185 oum
674 3125 756 3202 eliis,
772 3123 879 3187 deinde
891 3124 962 3186 lotia
976 3122 1120 3200 manibus,
1134 3124 1244 3204 accipit
1258 3126 1353 3185 onais
1366 3137 1405 3202 pr

104 3232 235 3285 renuente
255 3226 434 3305 pontificalia
454 3225 513 3287 elbi
532 3225 652 3288 coloris.
694 3226 813 3289 lntcrirn
832 3235 953 3288 ornetur
966 3223 1100 3286 Ecclesia
1118 3232 1150 3285 et
1162 3225 1317 3288 luminaris
1330 3240 1404 3305 super

105 3324 207 3402 altari,
230 3335 261 3387 et
275 3328 424 3389 credentia
439 3338 529 3409 etque
540 3327 610 3390 ulibi
624 3329 672 3389 ubi
686 3329 843 3409 placuerit,
857 3328 1067 3391 reconduntur.
1107 3325 1190 3388 Tunc
1204 3328 1268 3389 exit
1282 3327 1403 3391 Pontifex

103 3426 222 3490 Missam
236 3428 448 3491 celebraturus.
489 3432 521 3491 Si
535 3448 608 3492 vero
622 3432 762 3510 fatigatus
776 3434 862 3494 nimis
878 3431 1032 3493 cefebrare
1048 3429 1194 3508 noluerit,
1218 3431 1291 3492 facit
1303 3430 1404 3493 ittera

104 3530 279 3593 solemniter
292 3549 347 3612 per
360 3533 486 3613 aliquem
499 3533 692 3597 Sacerdotem
707 3534 862 3597 celebrari.
903 3534 991 3596 blisss
1005 3534 1129 3609 dicitur,
1142 3542 1234 3613 prout
1253 3535 1284 3595 in
1298 3531 1401 3605 llisrrli

104 3635 135 3696 in
148 3635 212 3715 ipsa
226 3634 275 3697 die
288 3633 482 3697 dedicationis
498 3635 661 3701 Ecclesiae.
688 3635 721 3698 ln
737 3639 795 3699 fine
803 3637 943 3699 Pontifex
952 3637 1000 3699 dat
1008 3635 1249 3698 benedictionem
1257 3639 1401 3698 solensem

104 3735 221 3800 dicens:
249 3725 301 3802 Sil
320 3750 445 3800 nomen
465 3728 602 3800 Domini
620 3749 677 3801 etc
717 3739 755 3802 Et
766 3740 967 3818 Indulgentiae
986 3756 1074 3820 snpra
1090 3737 1270 3801 declaratas.
1304 3736 1403 3814 Quibus

103 3839 272 3920 publicetis,
287 3844 448 3903 revertitur
462 3842 497 3902 ad
512 3843 691 3921 sacristiam,
708 3843 756 3904 ubi
771 3843 915 3924 depositis
929 3845 1021 3904 sceris
1035 3841 1179 3919 vestibus,
1195 3842 1317 3904 vaditis
1329 3854 1404 3922 paee.

25 4024 29 4033 Ι
104 3938 219 4004 Deinde
240 3947 357 4006 cineres
369 3963 425 4027 per
437 3944 599 4007 Ecclesium
614 3948 727 4026 aspersi
743 3948 772 4006 in
787 3947 891 4027 quibus
906 3946 1011 4008 literae
1024 3944 1155 4006 Graecus
1166 3952 1200 4005 et
1214 3945 1335 4008 bstineo
1345 3942 1406 4005 serf·

105 4051 173 4122 plue
189 4056 274 4126 sont,
296 4067 351 4129 per
364 4049 515 4110 ministros
530 4048 684 4111 Ecclesiae
699 4049 857 4127 tolluntur,
878 4058 909 4111 et
922 4047 1056 4110 Ecclesia
1070 4045 1202 4110 totaliter
1215 4031 1406 4130 mundatur.¹)

652 4218 865 4226 ---——--.—-—

64 4426 70 4437 ·
161 4390 881 4467 3)chuiturinPontidculiAltariaConsecrutio
897 4415 986 4472 ques
1003 4399 1142 4457 fitsiue
1155 4399 1409 4458 Ecclesiaobe

106 4477 309 4552 disertione,
328 4497 416 4553 porro
433 4485 675 4542 consecratio
691 4485 1031 4558 ulturisportatilfs.
1059 4482 1410 4558 Atrrrocsniaplrrinis

105 4562 280 4624 consentiunt
291 4565 471 4625 ceerimoniee
483 4588 542 4627 cum
553 4570 916 4645 iisinquibnssoprsdintius
922 4569 1067 4643 becelmus,
1076 4571 1262 4630 anemurium
1271 4571 1411 4628 retimm
