3046 4942
792 342 869 415 ³9⁰

278 529 432 603 Orcmus.
482 525 705 625 Omnipotens
725 530 934 624 sempiterne
956 526 1065 616 Deus,
1090 525 1148 621 qui
1167 530 1237 622 per'
1256 521 1421 619 Moysen,
1439 521 1481 594 is-

174 633 300 706 mulum
319 644 425 723 tuum,
452 633 668 728 purissimum
692 630 761 703 olei
783 630 951 726 liquorem
973 627 1017 701 ad
1038 628 1217 700 luminaria
1237 636 1324 699 ante
1346 626 1479 721 conspe

175 747 266 810 ctum
280 738 406 828 iugiter
418 733 668 807 concremanda
682 734 880 829 praeparari
891 734 1037 806 iussistis
1056 730 1312 803 benedictionis
1321 738 1395 801 tuae
1407 748 1479 820 gra·

174 843 254 913 tiam
272 860 377 933 super
398 836 461 909 lros
483 858 607 911 cereos
626 835 794 928 benignus
814 833 971 906 infunde:
995 843 1162 929 quatentm
1181 834 1235 905 sic
1256 832 1478 903 administrent

174 942 290 1015 lumen
316 941 482 1027 exterius,
506 947 545 1010 ut
570 948 605 1011 te
632 938 779 1010 donanto
803 936 917 1008 lumen
943 935 1089 1032 Spiritus
1108 937 1158 1008 tui
1178 937 1313 1008 noenta
1336 954 1400 1005 non
1422 932 1475 1004 de

139 1043 142 1063 '
175 1046 217 1119 sit
244 1042 412 1114 mentibus
437 1042 588 1113 interius.
643 1040 711 1114 Per
737 1040 917 1113 Dominum
944 1048 1007 1111 etc.
1056 1034 1221 1132 Amen1)

278 1144 432 1216 Oremus.
477 1142 622 1215 Domine
648 1141 728 1215 lesu
751 1140 907 1231 Christe,
935 1144 991 1237 qui
1016 1139 1181 1212 hodierna
1208 1138 1269 1211 die
1292 1141 1328 1210 in
1350 1145 1475 1211 nostrat

175 1246 500 1327 carnissubstantia
525 1247 614 1317 inter
640 1245 794 1318 homines
820 1264 1006 1342 apparens,
1033 1241 1278 1340 aparentibus
1305 1244 1339 1313 in
1362 1240 1476 1336 templo

175 1373 214 1423 es
236 1358 493 1445 praesentatuse
522 1370 623 1443 quem
649 1345 790 1419 Simeon
814 1345 1023 1419 venerabilis
1045 1366 1166 1433 senex,
1192 1344 1325 1416 lumine
1345 1340 1475 1440 Spiritus

105 1454 108 1459 ’
174 1455 224 1523 tui
249 1449 443 1540 irradiatus,
471 1453 625 1545 agnovit
647 1451 796 1545 suscepit
819 1458 853 1521 et
873 1448 1067 1521 benedixit:
1088 1455 1226 1543 praesta
1249 1448 1475 1542 propitiandi

176 1552 329 1626 eiusdem
349 1550 495 1648 Spiritus
517 1551 633 1625 Sancti
655 1555 765 1645 gratia
785 1552 963 1624 illuminati
983 1560 1085 1646 atque
1105 1548 1232 1638 edocti,
1262 1558 1299 1619 tc
1320 1549 1475 1620 veraciter

176 1677 403 1750 agnoscamus
425 1664 460 1726 et
475 1654 622 1727 fideliter
642 1654 830 1747 diligamus.
872 1652 938 1739 Qui
956 1675 1033 1724 cum
1051 1652 1127 1724 Deo
1144 1649 1250 1723 Patre
1269 1669 1334 1722 etc.
1368 1650 1473 1722 Amen
1518 1690 1520 1733 3

278 1766 382 1828 Finitis
398 1767 588 1830 Orationibus
603 1765 765 1857 Selebraoa
785 1768 870 1847 pouit
892 1754 1043 1827 incensum
1062 1766 1091 1826 in
1104 1763 1304 1840 thuribulum,
1323 1761 1476 1825 deindetcr
1518 1802 1520 1845 ;

178 1872 313 1952 aspergit
334 1867 479 1930 Candelas
504 1886 578 1951 aqua
606 1868 760 1931 benedicta
780 1867 906 1930 diceudo
926 1868 1123 1948 Antiphonem
1148 1856 1336 1952 Asperge's
1360 1864 1407 1926 vel
1424 1866 1476 1924 sinc
1518 1890 1520 1917 :

177 1980 264 2034 cantu
284 1980 314 2032 et
330 1973 394 2032 sine
410 1972 540 2033 Psalmo:
562 1979 592 2032 et
607 1981 653 2033 ter
666 1969 766 2032 adolet
780 1971 912 2032 incenso.
954 1968 1025 2030 lum
1039 1970 1159 2047 dignior
1174 1986 1214 2029 cx
1228 1968 1314 2030 clero
1328 1962 1477 2029 acceditad

176 2075 268 2135 altare
290 2082 320 2134 ct
339 2072 374 2132 ab
397 2091 434 2134 eo
450 2072 611 2134 celebrans
624 2075 732 2152 accipit
745 2072 894 2134 candelam
910 2069 1131 2150 genuflectens,
1152 2088 1209 2133 neo
1221 2070 1365 2131 osculans
1379 2084 1477 2130 monna
1515 2098 1520 2123 ι

176 2176 265 2236 illius.
304 2173 411 2235 Postea
427 2172 588 2235 Gelebmns
598 2183 690 2234 stans
713 2175 743 2234 io
756 2173 854 2235 medlo
868 2183 935 2235 ante
950 2174 1051 2253 altare,
1065 2191 1172 2234 nemus
1184 2172 1221 2234 ad
1237 2172 1382 2254 populum
1395 2171 1478 2233 distri·

177 2276 241 2337 boit
255 2273 403 2353 candelas,
418 2277 540 2356 primum
555 2274 695 2353 digniori,
709 2292 725 2338 a
740 2293 798 2356 quo
814 2277 879 2357 lpse
896 2285 1069 2357 acceperat:
1095 2275 1201 2337 deinde
1216 2275 1358 2338 Diacooo
1375 2283 1403 2336 ot
1413 2273 1478 2334 Sub·

176 2377 302 2440 diacono
318 2379 427 2458 paratio
442 2387 472 2440 et
485 2378 550 2440 aliis
564 2377 689 2440 clericis
702 2378 871 2456 singulatim
884 2396 939 2459 per
954 2380 1105 2456 ordinem,
1121 2377 1224 2439 ultimo
1239 2377 1343 2438 laicis:
1358 2374 1481 2439 omnibus

177 2480 463 2561 genuflectentibus,
483 2480 630 2543 candelam
646 2490 676 2542 et
690 2498 802 2549 manum
818 2478 1003 2542 Celebrantis
1019 2479 1238 2557 osculantibus,
1254 2462 1392 2561 exceptis
1403 2478 1479 2539 Prae·

176 2585 243 2646 latia
265 2586 289 2645 si
312 2582 426 2645 adsunt.
465 2583 589 2651 Etcum
612 2583 758 2665 inceperit
778 2582 955 2645 distribuere
970 2583 1107 2645 candelas
1122 2600 1138 2643 a
1153 2582 1249 2645 choro
1265 2580 1480 2643 cantaturdnti·

175 2687 287 2768 phono:
309 2674 439 2748 lumen
458 2676 500 2747 ad
515 2676 764 2749 revelationem
779 2678 928 2770 gentium
942 2687 977 2748 et
992 2677 1136 2770 gloriam
1149 2673 1263 2771 plebis
1277 2685 1355 2747 tuae
1368 2671 1479 2746 lsrael.

279 2786 446 2847 canticum:
472 2776 571 2848 Nunc
598 2777 733 2851 dimittis
755 2800 895 2852 servum
916 2788 1010 2850 tuum
1034 2778 1180 2851 Domine
1200 2777 1388 2851 secundum
1406 2797 1479 2847 ner·

175 2879 255 2950 bum
281 2886 375 2949 tuum
400 2882 435 2948 in
461 2901 555 2974 pace.
602 2888 717 2951 deinde
733 2884 879 2970 repetitor
898 2899 958 2953 tota
973 2890 1159 2971 Antiphona;
1186 2879 1398 2952 bumenetc.
1413 2903 1478 2968 pone

176 2989 311 3051 similiter
325 2993 471 3071 repetitur
487 3000 556 3071 post
570 2991 731 3072 quemlibet
743 3010 871 3054 versum.
911 2982 997 3070 Quia
1016 2982 1175 3055 viderunt
1195 2983 1289 3054 oculi
1312 2985 1381 3054 mei
1400 2980 1477 3056 stla-

174 3093 249 3155 tare
269 3092 372 3154 tuum.
413 3083 552 3155 Lumen.
597 3081 696 3169 Quod
719 3088 845 3181 parasti
867 3096 946 3158 ante
963 3085 1086 3157 faciem
1104 3088 1254 3157 omnium
1272 3084 1474 3182 populorum

175 3184 315 3256 lumen.
362 3184 478 3258 Gloria
505 3187 597 3259 Patri
624 3197 658 3258 et
678 3186 766 3259 Filio
794 3197 828 3260 et
851 3184 990 3284 Spiritui
1017 3186 1152 3260 Sancto.
1202 3186 1347 3259 Lumen.
1394 3185 1476 3259 Sient

176 3297 250 3358 erat
272 3288 306 3357 in
327 3291 494 3385 principio
514 3301 548 3362 et
571 3311 661 3360 nunc
682 3301 716 3362 et
736 3312 873 3386 semper
895 3301 929 3362 et
949 3294 984 3361 in
1005 3289 1144 3363 saecula
1161 3291 1392 3362 saeculorum.
1420 3286 1476 3359 lm·

174 3410 263 3461 men.
307 3399 358 3459 llis
380 3400 506 3481 expletio
527 3410 658 3463 monton
677 3402 860 3482 antiphona:
886 3392 1030 3485 Exurge
1053 3388 1198 3464 Domine
1222 3392 1349 3466 adiuva
1369 3413 1429 3464 nos
1447 3397 1475 3460 et

47 3489 55 3509 '
174 3490 284 3564 libera
302 3513 366 3564 nos
381 3501 520 3588 propter
533 3516 659 3567 nomen
673 3503 776 3566 tuum.
811 3494 905 3569 Deus
920 3494 1058 3569 auribus
1070 3494 1412 3582 nomn-antinous,
1423 3513 1475 3588 po-

174 3604 246 3668 tres
263 3597 372 3668 nostri
398 3598 682 3669 annuntiaverunt
701 3597 809 3671 nobis.
838 3596 955 3671 Gloria
979 3598 1081 3670 Patri.
1110 3605 1146 3667 ltt
1167 3607 1318 3686 repetitor
1335 3596 1471 3685 Exurge.
1513 3626 1517 3633 ·

278 3704 394 3769 Deinde
409 3706 556 3768 Sacerdos
575 3708 668 3769 dicitz·
680 3697 834 3774 Oramus.
876 3708 914 3771 Et
935 3711 959 3770 si
984 3711 1075 3771 luerit
1093 3716 1161 3790 post
1181 3710 1426 3790 septuagesimam
1447 3711 1475 3763 et

174 3827 233 3871 non
249 3811 278 3871 in
293 3809 341 3870 dia
356 3809 508 3871 Dominica
522 3811 671 3872 lliaconus
690 3801 885 3876 Flectamus
903 3824 1027 3895 genua.
1072 3807 1115 3894 lli.
1138 3800 1281 3875 Levatc.

275 3901 411 3974 Exaudi
435 3924 640 3999 quaesumus
664 3904 811 3977 Domine
832 3904 969 4002 plebem
989 3915 1081 3976 tuom
1103 3914 1138 3975 et
1161 3926 1252 3999 quae
1273 3903 1475 3976 extrinsecus

61 4090 65 4098 .
175 4027 284 4077 annua
308 4005 428 4079 tribuis
450 4005 636 4079 devotione
654 4010 827 4099 venerari
848 4010 990 4082 interius
1007 4009 1144 4103 assequi
1161 4009 1298 4100 gratiae
1314 4015 1390 4078 tuae
1407 4001 1475 4074 luce

109 4142 112 4149 ·
174 4107 337 4179 concede.
383 4109 459 4181 Per.
470 4104 506 4206 ²)

244 4293 448 4373 1)lliaa.llug.
465 4299 734 4356 concremanda.
764 4287 1079 4357 attnoceotonda'.

246 4378 279 4456 2)
294 4381 420 4439 Occurrit
434 4383 528 4441 Oratio
547 4383 575 4440 in
590 4382 808 4440 Sacramentnrio
823 4384 997 4455 Gregoriaoo
1016 4385 1044 4441 in
1059 4384 1151 4443 alticio
1166 4384 1361 4458 ammonas,
1380 4378 1427 4437 aad
1440 4379 1471 4434 ia

175 4461 257 4533 cipit:
272 4465 381 4522 llrudi
396 4484 602 4539 quaesamus
617 4475 669 4525 etc.
692 4467 811 4525 Eandem
824 4469 986 4541 scripturam
1000 4476 1075 4526 tenet
1084 4469 1178 4528 Codex
1191 4485 1266 4531 naec.
1279 4465 1408 4540 lllapnd
1419 4464 1472 4522 Sec

174 4545 292 4618 bertum,
317 4550 456 4612 Benedici.
472 4552 672 4608 consantiens.
694 4560 722 4609 et
737 4553 811 4611 multi
826 4553 886 4610 alii:
909 4555 968 4612 sine
982 4554 1065 4611 dubio
1080 4564 1121 4612 eat
1136 4555 1272 4627 genuina,
1286 4556 1326 4612 ita
1341 4559 1372 4609 ut
1387 4562 1473 4608 conec

175 4631 291 4690 dandum
309 4635 345 4692 sit
366 4634 458 4691 vitiam
477 4636 622 4709 irrepsisse
640 4637 667 4692 in
684 4636 792 4696 lliamlc
806 4638 959 4698 hodienum.
989 4639 1082 4697 cnud.
1104 4647 1134 4696 et
1147 4639 1214 4696 cod.
1234 4654 1275 4697 ao.
1292 4640 1338 4696 lll.
1361 4638 1472 4694 lucen.
