3060 4934
442 1277 445 1281 ’
540 1336 932 1434 cnrnnin

343 1584 409 1653 Do
441 1584 774 1660 Sooromeoto
804 1592 1125 1670 Matrimonii.

634 1828 828 1841 Ἤ

307 2047 350 2122 Ι.ν
380 2051 444 2124 EX
471 2007 1159 2143 8ΑΟΒΑΙΎ1ΕΝΤΑΒΙΟΙιΕΟΝΙΑΝίν).Ι

404 2212 562 2335 incipit
584 2202 1011 2345 VelatioNuptiatis.
1026 2249 1058 2349 1)

171 2437 306 2513 Exaudi
329 2462 406 2531 nos,
427 2444 642 2538 omnipotens
665 2456 699 2518 et
711 2449 910 2520 misericors
924 2447 1082 2546 Deus²):
1103 2463 1140 2523 ut
1159 2455 1250 2547 quod
1265 2465 1383 2529 nostro

67 2544 276 2632 ministratur
305 2541 433 2632 officio,
459 2555 517 2615 tua
542 2545 783 2620 benedictione
809 2551 922 2645 potins
950 2551 1141 2645 impleatur.
1194 2554 1271 2627 Per.
1282 2553 1315 2651 ³)
1407 2639 1414 2651 ·

99 2664 104 2676 ·
169 2642 313 2740 Suscipe
337 2644 482 2717 Domine
506 2669 710 2741 quaesumus
731 2671 795 2745 pro
819 2673 919 2724 saera
941 2649 1065 2749 lege4)
1088 2655 1239 2748 coniugii
1260 2678 1382 2732 munus
1485 2657 1488 2664 ’

66 2744 249 2843 oblatum,
263 2757 297 2819 et
327 2750 424 2819 cuius
451 2747 629 2845 creator⁶)
658 2752 699 2823 e's
724 2752 840 2846 operis
862 2762 937 2827 esto
961 2752 1154 2848 dispositor.
1209 2757 1285 2829 Per.
1403 2844 1407 2851 λ
1463 2765 1471 2773 “

122 3011 157 3089 1)
165 3015 447 3086 bioaeratpriseorum
455 3018 723 3091 itomanornmeapnt
731 3022 989 3079 nubentistiammao
998 3024 1213 3099 obvolvere,qni
1221 3043 1279 3083 eam
1289 3026 1378 3082 eiriiis

62 3102 133 3156 met
141 3115 196 3155 non
203 3102 417 3172 superstitiosus,
426 3100 505 3156 iaoiie
513 3102 652 3158 traductus
659 3112 701 3160 ert
708 3102 741 3159 ad
750 3104 930 3162 Christianos.
941 3108 1009 3162 Hine
1018 3110 1261 3167 buxitcbristianir
1268 3125 1376 3181 qaoque

62 3184 163 3256 nuptiis
176 3185 497 3254 nomenVeiationie,
509 3184 588 3257 apud·
594 3187 747 3258 scriptores
759 3189 964 3255 ecelesiastioon
979 3191 1049 3247 baad
1064 3193 1254 3248 raroobvium.
1263 3192 1375 3248 tertull.

61 3269 97 3339 de
103 3269 158 3328 vei.
168 3269 267 3339 virgin.
279 3271 329 3329 4..
341 3275 467 3339 tegantur
477 3268 681 3340 virginessoiae
692 3280 719 3327 et
731 3273 775 3327 bie
784 3281 893 3345 nuptum
901 3274 1109 3345 venientee,neo
1117 3281 1258 3346 anteqtmm
1267 3289 1373 3344 cogno-

61 3352 151 3408 verint
164 3367 313 3424 sponsos..
327 3353 401 3425 atqui
414 3353 495 3408 etiam
507 3352 612 3407 velatae
624 3354 659 3408 ad
671 3370 798 3426 sponsum
811 3356 989 3417 deducuntur.
1003 3358 1164 3414 Ambrosius
1176 3356 1211 3413 de
1223 3357 1320 3428 virgin.
1331 3360 1372 3412 15.

60 3436 165 3492 Utinam
183 3453 281 3508 posses
302 3452 434 3493 revocare
452 3444 596 3508 nupturas,
615 3439 715 3493 utinam
735 3453 834 3510 posses
852 3441 1000 3497 flammeum
1011 3440 1130 3512 nuptiate
1144 3455 1196 3512 pro
1206 3439 1372 3509 integritatis

59 3527 163 3575 mutare
175 3520 317 3578 reiamine.
337 3518 460 3576 isidoras
471 3520 506 3575 de
518 3520 585 3577 enei.
599 3522 672 3582 oilie,
686 3524 712 3591 2,
728 3523 770 3577 19.
795 3523 873 3589 Quod
885 3541 952 3580 vero
964 3523 1076 3577 eaedem
1087 3523 1203 3577 feminee
1215 3520 1277 3576 dum
1288 3520 1369 3575 mari-

59 3611 159 3674 tantur,
171 3604 305 3674 velantur,
320 3603 426 3661 scilieet
438 3612 465 3660 ut
475 3607 602 3662 noverint
616 3621 666 3677 per
679 3606 747 3661 baee
758 3622 788 3661 se
800 3606 866 3661 viris
877 3622 939 3662 eme
950 3605 1095 3672 subiectae,

117 3703 148 3780 2)
169 3707 529 3778 Saer.Gelas.Saer.Greg.
545 3706 672 3763 sancte
686 3707 788 3761 Pater
803 3696 1025 3772 omnipotens
1041 3710 1186 3758 aeterne
1203 3702 1303 3758 Dens.

112 3810 144 3879 3)
158 3811 292 3881 Antiquae
302 3811 476 3867 institutionis
488 3818 530 3866 ert
542 3810 696 3866 benedictio
709 3805 869 3860 matrimonii
881 3803 907 3856 in
923 3804 1055 3872 ecelesia,
1075 3804 1147 3857 inter
1158 3803 1216 3872 ipsa
1227 3800 1367 3857 biinearum

56 3894 197 3950 sollemnia
208 3893 341 3951 iacienda.
364 3894 474 3950 Tertnii.
487 3894 520 3949 ad
530 3910 609 3948 uxor.
620 3894 645 3960 2,
654 3895 680 3943 e.
703 3888 781 3944 Unde
792 3884 954 3941 sufficiamus
967 3884 1001 3939 ed
1016 3883 1193 3940 enarrandam
1209 3881 1367 3941 ieiioitatem

56 3979 114 4035 eins
133 3978 312 4047 matrimonii,
331 3978 403 4048 quod
421 3978 538 4034 eeclesia
557 3975 701 4040 concibat,
711 3977 738 4022 et
750 3967 891 4023 confirmat
902 3967 1006 4021 oblatio
1018 3973 1046 4021 et
1058 3966 1186 4033 obsignat
1201 3963 1364 4025 benedictio.

54 4064 152 4118 Statnt.
165 4063 232 4117 eeet.
244 4069 298 4118 ent.
311 4077 335 4116 o.
343 4061 385 4117 1³.
393 4076 511 4131 sponsus
521 4068 549 4114 et
560 4072 659 4128 sponna
672 4067 730 4106 eum
738 4046 917 4105 benedicendi
924 4055 986 4103 runt
995 4065 1010 4103 a
1019 4048 1174 4116 sacerdote,
1185 4052 1365 4119 aparentibus
1476 4070 1482 4081 ³

51 4147 109 4203 ruia
125 4145 171 4200 vei
185 4143 375 4216 paranymphis
387 4145 548 4203 otierantur.¹
569 4135 690 4210 Epistola
702 4132 808 4189 Soteris
819 4148 846 4184 e.
858 4132 884 4186 5.
899 4136 928 4182 ut
938 4145 1054 4201 sponsus
1069 4137 1096 4185 et
1110 4136 1218 4200 sponsa
1227 4148 1286 4187 eum
1299 4150 1364 4206 pre-

50 4229 129 4287 eibna
145 4235 173 4283 et
184 4227 366 4284 oblationibus
378 4226 580 4283 benedicantur.
615 4213 856 4292 Sapramentarinm
871 4210 978 4280 Leonis,
991 4213 1066 4268 euius
1077 4230 1158 4285 supra
1171 4214 1363 4287 exscripsimus·

47 4312 221 4387 partientem,
235 4312 346 4368 exbibet
362 4308 512 4366 orationem
525 4304 670 4372 mitialem,
685 4301 824 4357 Secretam
838 4311 871 4351 ae
883 4295 1163 4390 Poeteommnnionem
1174 4298 1281 4369 biissae,
1293 4317 1362 4373 qnae

46 4395 197 4471 legebatur
210 4396 238 4452 in
249 4393 357 4468 epomis
367 4389 577 4465 benedicendis.
595 4388 676 4443 baem
686 4384 751 4440 iacit
765 4380 905 4438 aoiiemnis
915 4393 1009 4450 apomr
1021 4394 1054 4435 ae
1065 4395 1185 4452 rponaae
1194 4383 1361 4445 benedietio.

112 4494 144 4572 t)
167 4496 267 4567 Greg.
290 4492 465 4550 connubii
485 4491 580 4560 iege.
624 4487 654 4554 b)
675 4484 777 4554 (iren.
801 4480 974 4571 largitor.
1098 4567 1142 4634 17
