3046 4942
591 349 598 361 ,
733 293 806 365 327

112 481 244 541 ationem
267 488 366 557 tergat
388 477 484 542 loca
474 489 594 542 nannete
616 480 740 558 globulo
761 483 909 546 bombasii
930 486 979 547 rel
1002 487 1045 548 rel
1068 488 1172 550 similia
1192 496 1287 572 eaque
1307 497 1338 557 in
1353 512 1425 558 rasa

111 580 222 643 mundo
244 591 370 663 reponat
390 592 421 643 et
439 582 475 643 ad
490 582 649 644 ecclesiam
661 594 767 664 postea
780 585 913 664 delerat,
934 588 1126 651 comburet
1100 608 1276 671 cineresque
1290 598 1425 701 proiiciat

111 702 139 745 ΙΙΙ
155 702 325 745 fflssffll'ltlm

213 778 270 849 Ad
290 799 398 848 corea.
456 817 503 829 -
529 815 582 830 -
606 799 671 874 per
693 779 844 851 auditum
869 779 1048 876 deliquisti.
1059 781 1090 880 ¹)

212 881 271 951 Ad
288 902 398 951 acres.
455 920 502 931 -
532 921 579 933 -
604 902 669 975 per
695 881 876 953 odoratum
898 882 1079 980 deliquisti.
1089 882 1124 983 ¹)

210 982 269 1053 Ad
289 1004 328 1052 os
348 986 543 1074 compressis
561 982 668 1056 lobes.
725 1020 772 1038 -
802 1026 849 1038 -
878 985 1040 1080 quidquid
1068 1011 1131 1083 per
1158 1000 1295 1082 gustum
1317 1000 1353 1062 et
1375 992 1426 1064 to

109 1085 283 1154 cntionem
310 1083 489 1177 deliquisti.
500 1080 533 1180 3)

210 1187 268 1258 Ad
286 1210 409 1258 monos.
465 1226 512 1238 -
542 1227 589 1239 -
617 1209 680 1281 per
705 1196 831 1260 tactum
854 1189 1036 1285 deliquisti

210 1289 267 1360 Ad
285 1291 394 1381 pedes.
450 1328 497 1341 --
526 1328 574 1341 -—
601 1310 664 1384 par
687 1311 846 1382 gressum
874 1291 1054 1387 deliquisti.
1064 1289 1099 1390 4)

208 1392 266 1462 Ad
284 1387 458 1461 temtos
426 1413 725 1463 eborones-
755 1434 802 1445 -
832 1392 993 1487 quidquid
1025 1416 1088 1489 per
1108 1393 1302 1468 lumborum
1329 1396 1424 1470 dele-

108 1495 292 1563 clationem
315 1490 488 1583 deliquisti
510 1490 552 1561 ei.
576 1514 608 1586 p.
632 1495 717 1564 322
725 1489 760 1588 ⁶)

211 1598 325 1674 Quibus
351 1600 487 1661 omnibus
513 1602 641 1680 peractis
666 1601 814 1669 Sacerdos
843 1601 927 1662 dicit:
955 1593 1064 1689 Kyrie
1092 1595 1236 1668 eleison.
1288 1596 1424 1671 Christe

107 1695 254 1765 eleison.
307 1690 414 1787 Kyrie
436 1692 582 1763 eleison.
635 1692 738 1764 Pater
758 1702 878 1764 noster
900 1704 963 1765 etc.
1007 1695 1052 1765 Et
1073 1715 1118 1764 ne
1138 1716 1204 1769 nos
1224 1697 1367 1770 inducas
1388 1702 1424 1770 in

106 1796 337 1866 tentationem.
390 1794 433 1882 Ι).
469 1790 541 1864 Sed
573 1792 683 1865 libers
713 1815 777 1867 nos
810 1816 830 1864 a
863 1795 964 1866 malo.
1017 1793 1161 1868 Salvum
1193 1797 1250 1867 fac
1283 1820 1424 1871 servum

103 1906 209 1965 tuum.
263 1900 305 1983 lb.
328 1894 541 1967 Deus'meus
563 1904 758 1990 sperantem
777 1899 813 1967 in
833 1905 877 1967 te.
922 1888 1018 1969 Mitte
1041 1894 1073 1969 ei
1093 1896 1241 1969 Domine
1259 1901 1423 1972 auxilinm

104 1997 149 2067 de
170 2007 299 2067 sancto.
338 2001 381 2088 Ι).
409 1994 454 2065 Et
475 1995 519 2067 do
542 1995 627 2069 Sion
647 2007 746 2068 tuero
767 2019 854 2068 eum.
897 1996 983 2071 Esto
1005 2002 1038 2070 ei
1058 1999 1205 2071 Domine
1227 2005 1331 2075 turris
1352 2003 1423 2074 ior-

102 2096 265 2170 titudinis.
319 2101 361 2184 R'·
396 2096 543 2168 Aiacis
568 2100 703 2168 inimici.
752 2096 844 2169 Nihil
866 2098 1022 2194 proficiat
1043 2103 1199 2175 inimicus
1220 2105 1255 2172 in
1276 2124 1330 2175 eo.
1376 2109 1420 2194 lto.

101 2198 148 2271 Et
173 2198 262 2273 iilius
289 2200 472 2295 iniquitatis
497 2219 568 2271 non
595 2209 746 2294 opponat
770 2220 900 2271 nocere
927 2203 969 2271 ei.
1023 2202 1170 2274 Domine
1194 2205 1320 2275 exaudi
1344 2228 1421 2277 ora-

100 2305 231 2374 tionem
253 2323 372 2372 meam.
425 2304 469 2393 Ι).
493 2299 538 2371 Et
561 2300 691 2371 clamor
712 2322 811 2374 meus
834 2301 877 2374 ad
897 2312 932 2374 te
952 2306 1077 2375 veniat.
1116 2303 1283 2380 Dominus
1303 2307 1420 2380 vobis-

102 2426 190 2475 cum.
244 2407 286 2492 lp.
313 2403 457 2475 Etcum
480 2404 600 2496 spiritu
621 2412 691 2473 tuo.

208 2503 363 2577 Dremns.
399 2504 546 2577 Domine
559 2503 669 2591 Deus,
691 2505 748 2596 qui
766 2525 829 2599 per
842 2503 1051 2599 Apostolum
1068 2514 1162 2576 tuum
1177 2503 1340 2578 Iacobum
1353 2515 1416 2578 etc.

101 2607 145 2680 ci.
192 2610 304 2680 .310.

167 2631 361 2781 pOramus.
405 2704 555 2802 Respice
575 2727 782 2801 quaesumus
797 2706 945 2778 Domine
961 2705 1125 2778 famulum
1147 2717 1241 2779 tuum
1256 2704 1295 2778 N.
1318 2710 1351 2778 ia
1368 2711 1418 2779 in-

99 2811 257 2884 firmitate
280 2811 437 2904 corporis
463 2810 517 2882 sui
538 2807 753 2881 fatiscentem
776 2819 810 2881 et
833 2811 977 2880 animam
999 2807 1124 2880 refove
1145 2831 1246 2904 quam
1273 2812 1416 2884 creasti:

98 2924 138 2985 ut
157 2911 437 3005 castigationibus
460 2909 659 2984 emendatus
680 2932 720 2984 se
739 2919 796 2982 tua
816 2913 940 2983 sentiat
957 2910 1125 2982 medicina
1138 2906 1317 2984 salvatum.
1348 2912 1417 2984 Per
1509 2975 1512 2986 .

100 3013 271 3090 Christum
293 3013 474 3085 Dominum
493 3021 658 3085 nostrum.
711 3011 833 3083 Amen.
844 3010 877 3108 6)
1505 3090 1507 3095 ,

202 3115 358 3189 Oremus.
412 3115 560 3185 Domine
586 3122 725 3202 sancte,
752 3112 855 3185 Pater
877 3115 1110 3208 omnipotens,
1137 3123 1278 3185 aeterne
1298 3113 1413 3187 Deus·

97 3223 156 3315 qui
175 3217 426 3297 benedictionis
447 3224 527 3287 tuae
549 3215 692 3306 gratiam
710 3218 825 3307 aegris
845 3212 1054 3285 infundendo
1074 3213 1289 3309 corporibus,
1306 3216 1413 3288 iactu

96 3343 170 3393 ram
192 3332 284 3393 tuam
306 3316 484 3413 multiplici
503 3314 630 3413 pietate
653 3315 823 3390 custodis:
857 3316 900 3388 ad
921 3317 1176 3387 invocationem
1198 3319 1248 3389 tui
1266 3320 1411 3391 nominis

160 3540 189 3617 1)
204 3536 338 3597 Scilicet
331 3554 358 3592 m
372 3537 465 3593 tobalo
481 3536 546 3593 vel
538 3552 592 3592 rma
604 3537 739 3608 auricula,
753 3553 807 3593 non
821 3536 848 3593 in
863 3536 951 3593 helice
962 3536 1026 3593 rel
1019 3554 1045 3593 ιιι
1057 3538 1168 3596 alveolo
1180 3528 1314 3607 eiusdem,
1327 3544 1356 3592 ut
1367 3536 1408 3591 ta-

95 3627 174 3689 tilius
184 3625 260 3697 tergi
271 3621 369 3698 possit.

154 3705 189 3786 2)
202 3710 305 3782 Nempe
316 3707 351 3763 ad
362 3706 485 3775 uarices,
500 3720 571 3777 quae
581 3710 643 3761 sunt
654 3702 712 3762 nasi
725 3704 784 3761 alae
795 3705 940 3775 laterales,
956 3705 991 3763 ad
1002 3706 1156 3763 evitandam
1170 3705 1405 3776 sternutationem,

93 3797 135 3869 qai
148 3794 231 3852 aliter
242 3792 367 3851 iaciendo
380 3790 459 3846 tacite
471 3789 599 3846 oriretur.

155 3875 191 3956 3)
204 3879 259 3936 Sed
274 3878 297 3935 si
307 3877 428 3933 lutirsnus
443 3890 498 3930 non
509 3874 632 3944 audiret,
646 3879 674 3928 et
686 3880 761 3929 esset
772 3873 798 3928 in
811 3888 902 3944 agone
913 3873 1021 3946 positus
1032 3890 1081 3931 ors
1093 3875 1186 3944 hianti,
1198 3871 1405 3929 tnnoSacerdoa

90 3978 145 4023 aon
158 3963 243 4021 debat
257 3977 374 4031 curare,
391 3968 421 4016 ut
434 3959 504 4016 labia
518 3958 739 4031 comprimantur,
756 3974 790 4013 ne
804 3959 897 4013 clauso
913 3974 963 4014 ore
978 3959 1125 4031 respiratio
1136 3957 1342 4027 intercludatur,
1354 3958 1403 4013 sed

88 4050 193 4107 anilleit
204 4054 235 4104 nt
248 4047 347 4102 labium
359 4062 407 4101 sen
419 4045 544 4117 superius
559 4060 609 4099 seu
622 4041 737 4098 interius
751 4049 836 4112 ungat
847 4042 881 4097 ad
893 4042 996 4098 libitum
1007 4059 1092 4100 suum.

149 4131 187 4210 4)
197 4132 271 4188 llieri
282 4132 353 4188 solet
365 4129 398 4185 ad
410 4135 582 4185 metatarenm
594 4126 680 4200 pedis.
702 4126 730 4182 Si
742 4141 810 4181 vero
822 4126 944 4183 ladrmnn
955 4141 1009 4182 aon
1021 4126 1111 4182 valeat
1120 4124 1205 4197 pedes
1215 4141 1326 4182 movere
1337 4141 1404 4197 prae

88 4216 242 4276 laxitudine
254 4233 288 4272 ex
298 4215 394 4271 morbo
406 4214 597 4286 proveniente,
612 4219 730 4281 nugatur
745 4226 777 4266 ea
790 4226 854 4282 pars
868 4226 938 4281 quas
949 4210 1091 4266 commode
1105 4209 1192 4279 magis
1203 4216 1318 4283 prostat.

152 4301 186 4380 5)
201 4300 284 4374 Apud
304 4299 463 4356 nonnullos:
483 4329 526 4338 -—
543 4326 585 4340 --
607 4296 680 4368 qnod
695 4312 745 4368 per
756 4295 886 4371 ardorem
901 4293 1021 4350 libidinis
1034 4293 1179 4366 deliquisti.
1214 4294 1330 4367 Agenda
1344 4295 1402 4352 lo-

88 4395 161 4448 nast.
174 4386 275 4443 nullam
288 4384 353 4440 iacit
362 4385 512 4440 lumborum
528 4382 701 4450 mentionem,
715 4396 802 4454 aeque
813 4379 1011 4452 atqne‘ltitaate
1023 4380 1193 4435 Trevirense.

149 4470 308 4544 allegitur
324 4469 351 4526 ia
363 4469 482 4525 Sacram.
495 4467 612 4538 Gregor.
631 4466 845 4523 infirmitate
864 4464 1090 4521 laborantem
1108 4492 1144 4506 —-
1162 4463 1347 4522 emendata
1362 4494 1399 4512 -

88 4555 268 4613 continno
287 4570 324 4609 se
346 4560 401 4609 tna
421 4568 455 4608 m.
470 4570 493 4607 s.
515 4553 693 4609 salvatum.

1152 4635 1194 4699 23
