3046 4942
643 296 720 370 315

10 480 108 581 mine
129 477 314 570 descende,
341 490 379 552 ut
402 502 506 556 senos
524 481 629 553 ilium
651 504 776 573 meum‚
801 485 995 577 priusquam
1018 485 1189 554 moriatur.
1243 484 1334 557 Dicit

10 578 170 654 et-lesas
191 581 293 672 vade,
316 582 406 656 iilius
425 593 503 657 tuus
526 586 621 656 vivit.
658 585 778 658 Psadm.
799 585 853 655 De
873 583 1051 680 profundis
1072 584 1226 658 clamavi.
1256 590 1332 659 Ast.

10 678 164 755 Domine
195 704 265 755 non
293 707 367 757 sum
390 684 514 779 dignus
538 695 574 757 ut
599 689 705 760 intres
727 686 938 761 subtectum
962 706 1094 774 meum,
1122 687 1184 759 scd
1205 697 1332 759 tantam

10 780 66 857 dic
94 783 208 857 verbo
229 796 264 857 et
287 786 461 859 sanabitur
486 810 574 884 puer
595 811 700 861 mens.
756 790 876 862 Psalm.
906 788 1053 861 Domine
1080 789 1215 860 exaudi.
1257 791 1332 862 Atat.

10 882 101 959 Dum
124 888 313 962 solantem
334 890 531 981 occidisset,
552 912 672 965 omnes
694 893 751 986 qui
769 890 940 964 habebant
962 889 1113 964 infirmos
1133 894 1240 964 variis
1263 893 1333 963 lan-

10 986 196 1082 guoribus,
220 990 390 1064 ducebant
410 994 491 1065 illos
514 994 557 1064 ad
581 992 694 1069 lesum
717 1002 752 1063 et
775 992 991 1065 curabantur.

117 1099 225 1163 Finitis
247 1103 366 1182 psalmis
388 1105 649 1184 poenitentialibus
671 1106 837 1184 interrogat
856 1105 998 1167 sacerdos
1018 1104 1164 1166 infirmum
1178 1104 1269 1167 iatine
1283 1106 1332 1169 rei

10 1204 186 1281 germanico
206 1205 235 1265 in
258 1204 336 1267 tuac
359 1205 486 1268 modum.
541 1196 662 1295 Credis
683 1196 788 1291 quod,
812 1208 955 1294 propter
973 1218 1100 1292 preces
1122 1210 1332 1287 sanctorum,

10 1294 182 1369 Dominus
204 1297 289 1369 velit
309 1299 476 1370 exaudire
499 1321 623 1394 preces
644 1308 800 1371 nostras:
831 1297 973 1371 Claubst
995 1297 1041 1370 du
1063 1298 1143 1374 dass
1166 1298 1246 1371 Gott
1270 1301 1332 1372 der

10 1396 105 1471 ierr
124 1419 196 1470 von
216 1420 342 1492 wagan
362 1398 424 1471 der
442 1399 574 1473 Fiirbitt
591 1404 707 1474 seiner
724 1398 839 1471 liebcn
852 1399 1123 1475 Ausorwutdten
1142 1423 1246 1477 unser
1264 1400 1332 1474 Ce-

10 1510 66 1573 tei
92 1500 243 1572 erhdten
269 1499 405 1572 walle?
450 1509 642 1591 Respondeat
666 1519 826 1589 aegrotas,
854 1512 880 1571 si
907 1528 963 1591 per
989 1512 1185 1574 infirmitatem
1211 1523 1329 1595 potest:

10 1596 140 1674 bredo.
163 1599 225 1670 leh
247 1600 378 1693 glaubs.
416 1611 454 1673 Et
468 1610 576 1673 deinde
589 1610 730 1673 sacerdos
744 1620 874 1672 astantes
887 1612 1075 1689 exhortetur,
1090 1612 1207 1674 dicens:
1228 1602 1331 1676 Invo-

10 1722 138 1775 temus
164 1701 276 1800 Deum
298 1711 333 1773 et
359 1712 499 1775 sanctos
522 1705 596 1776 cius
618 1724 683 1798 pro
704 1702 816 1775 salute
843 1702 942 1775 buius
962 1701 1092 1775 infirmi.
1144 1712 1263 1775 Addere
1277 1732 1331 1795 po-

10 1823 67 1875 net
88 1811 165 1872 baec
180 1830 298 1893 quoque
311 1814 496 1891 germanice:
509 1802 567 1876 Ibr
579 1803 797 1897 Anddchtige
811 1803 880 1876 und
894 1802 1051 1876 Geliebte
1064 1806 1099 1875 itt
1116 1803 1193 1875 dem
1205 1804 1331 1893 Herm,

10 1914 97 1987 test
124 1923 189 1976 uns
217 1902 297 1976 Gott
320 1903 386 1976 den
404 1905 661 2000 Allmdchtigeu
679 1927 752 1978 von
772 1928 916 1998 gunnam
938 1904 1075 1978 Hersen
1098 1906 1243 1978 anruien
1262 1905 1332 1978 und

10 2000 258 2097 lemiithiglich
284 2005 403 2095 bidem,
431 2006 571 2079 dassen
597 2030 661 2082 uns
682 2007 879 2100 gnadigltch
903 2007 1030 2079 erho're
1056 2008 1124 2079 und
1145 2008 1251 2080 durch
1274 2008 1330 2079 dic

10 2102 145 2181 durbia
166 2110 282 2180 seiner
303 2106 418 2180 lieben
435 2108 595 2201 Heiligen
614 2109 743 2183 diesem
761 2107 923 2180 Kranken
942 2108 1047 2197 alles,
1068 2131 1144 2182 was
1161 2111 1229 2180 ihm
1248 2119 1329 2180 nuta

10 2206 81 2281 md
100 2218 162 2302 gut
182 2212 233 2281 sei
255 2230 298 2279 au
319 2206 403 2282 Seel
422 2208 492 2281 und
509 2208 593 2282 Leib
612 2210 793 2282 verieihen
809 2209 927 2282 walle.
965 2209 1114 2305 Sprecht
1132 2210 1257 2282 darauf
1270 2214 1329 2282 mit
1448 2258 1451 2263 -

10 2308 172 2383 Andacbt
198 2310 260 2383 das
285 2309 423 2404 Heilige
444 2310 552 2384 Vater
573 2333 690 2400 unser,
713 2311 794 2383 dvc
812 2309 921 2383 bieria
945 2310 1014 2382 und
1035 2312 1101 2382 den
1121 2309 1286 2385 Clauben.
1296 2310 1328 2397 1)

112 2422 185 2484 Post
206 2422 282 2483 haec
300 2422 440 2483 sacerdos
459 2423 566 2485 recitet
583 2422 723 2484 Litaniam
745 2422 831 2483 denis
853 2421 1000 2500 genibus,
1020 2421 1119 2503 aliquo
1138 2421 1183 2482 iili
1203 2441 1327 2503 respon·

10 2518 113 2601 dente,
134 2524 161 2584 si
179 2521 308 2585 adiuerit
330 2533 360 2585 et
385 2525 550 2587 intentione
568 2543 688 2605 semper
701 2523 737 2585 ad
755 2524 898 2585 iniit-raum
913 2522 1069 2602 applicata.
1113 2512 1221 2608 Kyrbe
1243 2514 1326 2585 elei·

10 2638 86 2690 som.
127 2613 262 2689 Christe
292 2617 436 2689 eleison.
478 2616 586 2713 Kyrie
609 2616 752 2689 eleison.
794 2615 929 2690 Christe
951 2614 1029 2686 audi
1047 2636 1111 2689 nos
1131 2634 1189 2685 etc.
1223 2614 1327 2686 Pater

10 2728 131 2793 noster
156 2736 214 2789 eto.
262 2728 370 2789 Postea
404 2729 482 2791 ctara
512 2747 599 2791 uoce.
647 2724 689 2793 V.
725 2718 769 2789 Et
801 2739 847 2790 ne
879 2739 944 2791 nos
976 2716 1118 2791 inducas
1151 2719 1186 2788 itt
1218 2726 1327 2790 benba-

10 2822 148 2896 donem.
188 2824 232 2911 ita
255 2818 326 2893 Sed
349 2819 456 2891 libera
477 2842 542 2895 nos
565 2844 585 2892 a
607 2820 706 2892 malo.
747 2826 790 2912 11.
818 2818 961 2892 Salvum
983 2818 1039 2890 iac
1060 2841 1201 2892 servum
1220 2830 1324 2891 tuum.

10 2927 51 3017 tp.
80 2922 178 2995 Deus
203 2943 301 2995 meus
321 2932 515 3017 sperantem
537 2925 572 2994 in
594 2933 637 2995 te.
682 2929 725 2997 u,
750 2921 848 2993 Mitte
870 2924 902 2993 ei
928 2920 1075 2993 Domine
1094 2922 1258 2992 auxilium
1281 2920 1325 2991 de

10 3032 144 3099 sancto.
190 3028 233 3116 111.
247 3022 304 3095 ‘Et
326 3023 369 3094 de
396 3021 481 3094 Sion
506 3036 604 3097 tuere
626 3046 713 3095 cum.
760 3031 803 3096 ut,
827 3021 920 3093 Nihil
940 3021 1096 3118 proficiat
1116 3025 1271 3094 inimicus
1290 3024 1324 3092 in

10 3146 63 3200 eo.
104 3128 148 3217 lic
172 3122 323 3199 titilius
345 3127 529 3219 iniquitatis
550 3147 619 3197 non
639 3135 788 3220 apponat
808 3145 938 3195 nocere
958 3126 999 3193 ei.
1033 3129 1075 3194 u.
1097 3121 1183 3197 Esto
1203 3127 1237 3194 ei
1252 3123 1325 3195 Do-

10 3230 100 3300 mine
121 3225 464 3315 turrisiortitudinis.
498 3231 540 3319 it.
564 3226 597 3297 Α
617 3227 707 3297 facie
727 3226 862 3296 inimici.
899 3230 940 3296 11.
964 3225 1131 3297 Dominus
1153 3245 1253 3320 opem
1273 3224 1323 3296 se-

10 3338 62 3403 rat
82 3328 136 3401 1111
155 3348 261 3424 super
281 3327 407 3400 lectum
431 3327 561 3418 doloris
582 3331 666 3400 eins.
704 3332 746 3418 ib.
766 3324 972 3399 Universum
990 3333 1132 3398 stratum
1150 3328 1224 3402 eius
1245 3350 1323 3399 ver-

11 3432 93 3505 saed
117 3430 153 3502 in
178 3428 372 3503 infirmitate
398 3432 456 3503 eis.
502 3435 544 3520 lb.
572 3430 719 3501 Domine
746 3426 871 3500 exaudi
899 3430 1089 3500 orationem
1111 3449 1230 3499 meam.
1278 3432 1320 3517 ib.

12 3530 52 3606 ttt
72 3532 205 3605 clamor
228 3554 325 3605 meus
347 3530 390 3602 ad
410 3542 444 3603 te
467 3535 590 3605 veniat.
635 3537 675 3605 11.
696 3530 863 3602 Dominus
885 3529 1073 3613 vobiscum.
1114 3535 1156 3621 It.
1179 3528 1321 3601 Etcum

49 3637 130 3709 initu
151 3644 220 3706 tuo.

16 3652 49 3732 'p
72 3726 77 3733 ⁵
109 3735 269 3810 Cremas.
314 3735 537 3832 Omnipotens
559 3745 593 3806 et
613 3736 810 3806 misericors
827 3732 935 3819 Deus„
956 3755 1161 3829 quaesumus
1182 3736 1320 3802 immon-

16 3855 80 3911 tam
99 3839 317 3912 clementiam
337 3850 428 3909 tuam
450 3846 487 3908 ut
507 3839 543 3906 in
564 3839 700 3907 nomine
717 3843 777 3905 tuo
795 3834 839 3907 ad
855 3837 1028 3907 introitum
1046 3834 1241 3906 humilitatis
1260 3852 1321 3901 no-

16 3948 99 4014 strae
122 3941 215 4013 bunc
239 3939 402 4012 famulum
428 3947 523 4011 tuum
550 3935 653 4031 (hanc
676 3935 835 4007 famulam
855 3936 962 4031 tuam)
984 3940 1018 4007 in
1042 3937 1108 4008 boc
1125 3933 1319 4004 habitaculo

10 4127 202 4147 N-—n—

44 4226 79 4306 1)
93 4228 212 4300 nenda
223 4229 298 4300 lios.
310 4231 386 4285 1513.
410 4229 465 4286 Pax
477 4227 539 4284 huic
551 4226 643 4283 domui
654 4231 683 4283 ut
694 4240 785 4297 supra.
811 4223 915 4280 Deinde
927 4222 1081 4293 interroget
1091 4221 1237 4277 lniirmum:
1254 4221 1319 4289 Quis

10 4315 125 4370 temris.
159 4308 202 4391 lb.
227 4315 258 4370 N.
283 4313 429 4370 Desideras
440 4314 642 4371 sacramentum
657 4318 794 4368 extremae
810 4303 970 4365 unctionis?
997 4306 1027 4362 si
1040 4321 1095 4363 non
1109 4306 1250 4364 desideret
1263 4321 1318 4362 non

10 4386 85 4455 tetur
105 4397 143 4454 ei.
173 4397 270 4455 Credis
291 4397 364 4470 quod
384 4405 498 4471 propter
516 4414 613 4470 preces
629 4402 682 4452 eto.
710 4395 838 4452 Similiter
852 4393 880 4450 in
893 4389 1004 4463 reliquis
1020 4391 1152 4462 Agendis.
1181 4390 1319 4449 Adiisiant

10 4481 337 4551 troenssxhortationem
357 4483 539 4554 germanicam
557 4482 664 4539 tndrmo
682 4481 846 4538 taciendam:
862 4475 1001 4535 Geiiebter
1016 4477 1042 4533 in
1055 4475 1179 4545 cbristo,
1198 4494 1229 4535 ca
1243 4476 1278 4534 ist
1292 4475 1318 4533 ia

10 4568 79 4625 rant
95 4566 177 4639 tittig
190 4574 244 4625 stc.
292 4614 294 4619 ⁴
