3046 4942
685 324 796 394 «304

204 516 301 581 Tunc:
326 504 509 578 Confiteor.
546 514 709 577 Sacerdos:
730 505 937 579 Misereatur
958 513 1023 576 etc.
1071 502 1330 596 Indulgentiom
1348 513 1417 594 etc,

104 632 134 684 et
147 618 255 682 sedens
270 627 376 698 operto
395 620 509 698 capite,
527 625 683 696 postquam
697 619 901 698 poenitentem
915 616 1077 693 monuerit,
1092 614 1328 692 absolutionem,
1341 634 1416 696 quau

103 724 173 784 dare
188 728 305 801 perotus
320 728 384 796 est,
398 738 457 781 uon
473 716 637 781 extendere
649 739 684 781 se
697 717 733 780 ad
751 727 891 799 peccota,
912 716 966 778 sed
980 717 1076 779 solnm
1090 716 1125 778 ad
1140 720 1416 780 excommunicatio

103 842 180 899 nem,
197 839 253 902 qua
267 809 352 882 extra
368 820 504 882 Ecclesia
517 823 631 881 eiectas
646 829 710 883 erat
723 831 754 882 et
766 830 920 902 separatus
930 819 1212 900 propterhoeresim
1222 827 1273 879 aut
1285 820 1414 897 schisma,

57 962 60 966 ⁴
75 965 80 973 ·
104 926 228 987 dextera
241 940 332 1002 snper
346 940 412 983 eom
427 931 560 999 extensa,
575 923 669 983 dicet:

204 1013 282 1108 Ego
319 1018 522 1086 auctoritate
548 1014 614 1085 Dei
641 1015 881 1108 omnipotentis
909 1023 944 1084 et
968 1010 1148 1084 beatorum
1168 1011 1412 1108 Apostolorum

103 1122 178 1192 eius
210 1118 304 1189 Petri
331 1127 366 1188 et
398 1116 495 1188 Pauli
522 1138 563 1187 ac
592 1115 775 1189 Ecclesiae
801 1137 886 1187 suae
915 1126 1054 1187 sanotae
1082 1112 1123 1209 (si
1147 1124 1224 1186 adsit
1248 1124 1411 1185 Ordirartss

103 1230 199 1292 addit:
233 1218 313 1288 mihi
345 1218 695 1290 aRevereudissimo
717 1216 897 1311 Episcopo
919 1214 959 1287 N.
984 1216 1168 1312 concessa)
1205 1226 1239 1288 te
1276 1216 1409 1289 absoluo

104 1319 282 1392 avinculo
307 1319 680 1408 excommunicationis,
701 1339 766 1412 qua
785 1328 929 1412 propter
949 1318 1119 1390 haeresim
1137 1319 1266 1411 ligatus
1285 1315 1408 1412 (ligata)

104 1443 193 1495 eras.
232 1418 377 1491 Reduoo
399 1425 435 1491 in
456 1424 623 1512 gremium
646 1430 785 1492 sauctae
810 1423 928 1492 matris
951 1421 1135 1508 ecclesiae,
1157 1430 1191 1490 et
1214 1420 1258 1489 ad
1283 1440 1407 1491 consor·

103 1527 185 1596 tium
222 1531 256 1593 et
289 1525 562 1594 communionem
586 1524 692 1593 totius
714 1519 992 1608 Christianitatis,
1022 1543 1041 1591 a
1070 1520 1192 1617 quihus
1214 1520 1333 1593 fueras
1357 1542 1407 1616 pcr
1446 1589 1449 1595 ,

105 1625 466 1697 excommunicationis
493 1627 695 1697 seutentiam
721 1624 912 1695 eliminatus
933 1619 1135 1719 (eliminata)
1163 1633 1198 1694 et
1219 1626 1405 1695 restituoto
1447 1678 1449 1715 ;

103 1725 353 1823 participationi
377 1726 689 1798 ecclesiasticorum
711 1734 1011 1797 sacramentorum.
1047 1723 1088 1796 Iu
1105 1729 1244 1797 nomine
1267 1723 1402 1812 Patris†
1446 1730 1449 1807 ἓ

105 1838 140 1899 et
160 1824 240 1897 Filii
259 1834 296 1897 et
315 1823 461 1920 Spiritus
485 1825 610 1899 Sancti.
662 1828 786 1899 Amen.

204 1931 280 1997 Data
293 1935 493 2015 absolutione,
509 1939 628 2001 inchoat
640 1937 782 2000 sacerdos
795 1938 932 2016 hymnum
942 1928 992 1999 Te
1000 1929 1124 2015 Deum,
1134 1955 1221 2018 qoem
1231 1942 1357 1998 astantes
1364 1937 1404 1995 ni·

105 2039 188 2100 alatri
207 2038 374 2100 alternatim
390 2049 627 2120 prosequentur,
648 2058 706 2121 quo
732 2041 813 2102 linito
828 2041 919 2102 dicet:
947 2037 989 2102 tt.
1012 2030 1201 2101 Benedicat
1222 2050 1290 2101 uos
1313 2029 1402 2099 Deus,

104 2132 200 2202 Deus
221 2139 352 2220 noster,
372 2128 552 2204 benedicat
572 2155 636 2204 nos
656 2132 761 2204 Deus.
798 2137 841 2225 ῆι.
861 2131 906 2205 Et
924 2141 1074 2204 metuant
1091 2155 1169 2203 eum
1191 2152 1312 2203 omnes
1333 2129 1402 2202 lines

104 2241 229 2303 terroe.

210 2332 365 2407 Oramus.
494 2407 500 2417 ,

208 2430 431 2531 Omnipotens
454 2438 661 2531 sempiterne
680 2437 789 2525 Deus,
812 2438 869 2530 qui
892 2434 1014 2509 dedisti
1036 2436 1171 2509 famulis
1194 2440 1263 2510 tuis
1283 2440 1317 2507 in
1337 2454 1405 2507 cou-

103 2535 256 2611 lessione
280 2556 390 2610 verae
415 2536 496 2609 fidei
513 2548 675 2610 aeternae
689 2538 863 2609 Trinitatis
877 2539 1022 2630 gloriam
1037 2559 1243 2631 agnoscere
1258 2548 1293 2611 et
1306 2541 1339 2609 in
1353 2558 1405 2632 po-

104 2643 208 2710 tentia
235 2641 422 2721 maiestatis
454 2639 600 2711 adorare
626 2640 814 2712 Unitatem:
852 2661 1058 2734 quaesumus
1075 2649 1128 2710 'ut
1161 2640 1313 2712 eiusdem
1338 2637 1406 2709 fidei

103 2737 258 2809 firmitate
279 2738 322 2809 ab
343 2739 498 2811 omnibus
519 2760 655 2836 semper
673 2744 863 2813 muniamur
879 2743 1053 2814 adversis:
1075 2742 1144 2813 Per
1161 2739 1328 2815 Christum
1341 2741 1405 2810 Do-

104 2841 231 2908 minum
250 2847 413 2909 nostrum.
458 2840 501 2929 Pp.
528 2840 651 2912 Amen.

207 2948 314 3009 Postea
328 2947 475 3009 Sacerdos
495 2958 589 3011 actam
604 2952 794 3015 abiurationis
808 2963 960 3034 acceptum
974 2953 1085 3039 referet
1098 2954 1128 3013 in
1143 2953 1355 3016 ahiurutioaum
1368 2969 1404 3013 rc·

105 3048 247 3126 gistrum,
267 3048 317 3108 vol
339 3051 363 3110 si
382 3049 475 3127 desit,
494 3052 525 3112 in
539 3051 645 3114 libram
657 3055 868 3136 baptismalem.
908 3053 1102 3117 Subscribent
1116 3065 1214 3117 autem
1228 3072 1335 3117 roceas
1347 3072 1402 3116 cor·

103 3164 207 3209 remus
222 3137 288 3234 (qui
301 3152 327 3210 sl
340 3152 475 3212 seribere
487 3156 610 3233 nesciat,
625 3156 674 3218 flat
687 3158 725 3219 de
740 3160 802 3219 elus
816 3157 962 3239 imperitia
972 3156 1120 3219 scribendi
1134 3155 1264 3234 mentio)
1279 3165 1309 3219 et
1324 3163 1400 3219 testes

104 3248 142 3313 ad
155 3250 302 3313 minimam
317 3252 375 3327 dno
390 3263 420 3315 st
434 3255 500 3336 ipse
515 3257 673 3320 Sacerdos.
780 3267 786 3276 ‘
945 3260 949 3265 ‘
