3046 4942
730 312 805 384 326

109 502 145 571 in
171 518 227 583 eo,
254 504 288 566 et
309 492 367 565 det
392 494 443 569 eis
464 494 638 587 Angelum
656 494 783 567 bonum
805 494 984 568 custodem
1000 504 1036 565 et
1055 490 1160 563 iaciat
1181 510 1245 564 eos
1267 491 1331 562 sibi
1347 512 1403 563 sar-
1444 524 1446 595 ι

109 601 186 670 vire
212 597 255 668 ad
281 594 566 669 considerandum
586 596 752 668 mirabilia
776 597 820 667 de
846 596 927 688 lege
946 618 1028 667 sua:
1055 602 1190 665 avertat
1208 591 1253 664 ab
1281 595 1330 665 eis
1348 614 1403 664 orn
1444 604 1446 641 ι

109 722 172 772 nes
192 700 380 770 contrarias
397 707 603 792 potestates:
624 701 745 793 eripiat
764 720 827 770 eos
844 698 886 768 ab
906 700 997 768 omni
1015 694 1197 767 formidine
1215 703 1251 764 et
1272 694 1313 765 ab
1331 697 1402 766 omni

109 799 378 897 perturbatione,
398 819 440 869 ac
459 820 562 872 sanos
580 801 615 868 in
634 798 701 870 boc
719 799 942 871 tabernaculo
962 795 1137 871 custodire
1155 794 1324 887 dignetur.
1352 793 1402 880 Qut

111 923 186 973 curn
209 901 311 972 Patre
333 908 397 970 etc.

213 1001 371 1073 Oramus.
422 998 559 1069 Exaudi
580 1019 644 1072 nos
664 999 811 1070 Domine
840 1007 971 1086 sancte,
994 997 1096 1068 Pater
1123 999 1337 1091 omnipotens
1358 1017 1400 1066 ae

109 1114 208 1175 terne
229 1103 344 1174 Deus:
368 1111 403 1172 et
421 1103 554 1171 mittere
576 1099 728 1191 digneris
744 1110 904 1172 sanctum
925 1098 1099 1190 Angelum
1120 1108 1215 1169 tuum
1238 1098 1282 1169 de
1302 1097 1399 1179 coeio,

111 1207 169 1302 qui
187 1204 368 1291 custodiat,
389 1202 521 1290 foveat,
546 1210 718 1297 protegat,
740 1204 855 1279 visitet
881 1211 982 1293 atque
1005 1199 1167 1270 defendat
1187 1221 1308 1271 omnes
1328 1197 1399 1268 habi-

110 1314 220 1377 tantes
235 1307 270 1374 in
283 1303 349 1374 hoc
363 1303 595 1375 tabernaculo.
617 1303 685 1374 Per
699 1301 870 1375 Christum
884 1301 1065 1372 Dominum
1079 1310 1245 1373 nostrum.
1259 1296 1398 1392 Amen¹J

212 1413 295 1487 Quae
309 1413 486 1490 Orationes,
507 1415 532 1473 si
549 1421 664 1493 tempus
679 1433 736 1474 non
752 1414 894 1492 patiatur,
916 1421 1053 1491 exparte
1069 1410 1116 1472 rel
1132 1413 1160 1471 in
1175 1420 1271 1472 totum
1284 1418 1399 1490 poterunt

110 1516 213 1576 omitti.
256 1514 328 1575 'lam
348 1515 385 1576 de
403 1533 487 1576 more
506 1503 582 1575 iacta
599 1514 796 1576 confessione
810 1513 961 1591 generali,
982 1513 1073 1574 latino
1087 1512 1135 1573 vel
1151 1512 1269 1590 vulgari
1285 1528 1398 1573 sermone
1443 1504 1446 1601 l

110 1614 258 1678 sacerdos
274 1614 367 1677 dicat:
393 1606 599 1679 Misereatur
617 1610 666 1678 tui
687 1625 744 1677 etc.
787 1603 1036 1697 Indulgentiam
1057 1614 1121 1674 etc.
1240 1684 1244 1691 ¹
1443 1620 1446 1701 p

211 1717 375 1798 Antequam
388 1717 538 1780 Parochus
557 1719 678 1797 incipiat
699 1734 814 1794 ungere
833 1716 996 1791 luirrmum,
1018 1723 1136 1775 moneat
1157 1714 1307 1776 adstantes
1320 1720 1397 1793 otpro

109 1818 161 1880 illo
181 1829 283 1887 orent;
301 1828 330 1880 et
345 1818 393 1880 ubi
408 1818 590 1880 commodum
605 1819 705 1895 inerit,
717 1838 771 1898 pro
785 1818 853 1879 loco
870 1826 899 1877 et
913 1827 1050 1897 tempore
1063 1800 1098 1876 et¹
1110 1817 1285 1877 adstantium
1300 1829 1397 1875 numero

108 1919 157 1980 rel
180 1920 338 2000 qualitate,
359 1922 486 1981 recitent
506 1930 622 2000 septem
643 1920 774 1981 Psalmos
797 1917 1029 1980 Poenitentiales
1051 1935 1114 1977 curn
1135 1917 1259 1978 litaniis
1279 1917 1325 1977 sel
1342 1915 1399 1976 alios
1444 1994 1446 1999 Ι

108 2020 238 2096 Breues,
259 2022 325 2081 dum
345 2024 410 2101 ipse
424 2021 579 2083 Unctionis
593 2021 810 2082 Sacramentum
831 2018 1021 2080 administrat.
1030 2003 1064 2104 2)
1095 2017 1166 2079 bion
1181 2018 1275 2079 dicat:
1300 2007 1337 2079 ltl
1353 2027 1399 2077 tto·

107 2114 198 2183 rnine
228 2112 338 2183 Patris
367 2111 398 2200 ’ς
428 2121 463 2183 et
491 2111 569 2183 Filii
603 2109 635 2200 †
666 2123 701 2183 et
726 2111 859 2206 Spritus
887 2108 1056 2200 tsancu
1083 2112 1305 2202 extinguatur
1328 2111 1400 2180 inte

108 2216 217 2287 omnis
246 2216 355 2284 virtus
383 2211 509 2286 diaboli
534 2235 598 2308 per
622 2215 874 2309 impositionem
896 2232 1055 2283 manuum
1077 2221 1274 2285 nostrarum
1301 2221 1332 2282 et
1353 2230 1401 2306 per

106 2315 362 2386 invocationem
384 2317 533 2386 omnium
554 2325 749 2388 sanctorum
771 2314 1001 2406 Angelorum,
1020 2311 1335 2404 Archangelorum,
1354 2310 1403 2383 Pa-

106 2415 344 2505 triarcbarum,
366 2415 625 2512 Prophetarum,
645 2416 906 2511 Apostolorum,
932 2413 1135 2509 Martyrum,
1160 2412 1403 2497 confessorum,

106 2513 308 2609 virginum,
334 2526 436 2613 atque
460 2522 609 2589 omnium
633 2518 734 2592 simul
760 2515 973 2590 Sanctorum.
1016 2516 1139 2587 Amen.
1421 2525 1425 2534 '

208 2628 325 2689 Deinde
342 2628 467 2690 intincto
485 2628 598 2707 pollice
617 2626 742 2690 iu'oleo'
760 2637 862 2688 sancto
883 2628 913 2687 in
927 2626 1044 2687 modom
1059 2628 1156 2687 crocis
1175 2627 1261 2704 ungit
1273 2625 1406 2687 lotirumn
1441 2638 1446 2655 ·

107 2728 136 2785 in
151 2726 537 2815 partibushicsubscriptis,
552 2729 678 2808 aptando
687 2727 889 2809 proprioloco
897 2728 988 2789 verba
999 2728 1113 2811 lormae
1123 2730 1152 2788 in
1164 2714 1241 2790 bunc
1250 2714 1406 2811 malumst)

209 2817 267 2887 Ad
291 2819 407 2888 ocados.
461 2818 528 2888 Per
553 2823 651 2889 istam
677 2829 828 2892 sanctam
850 2819 1054 2893 Unctionem
1077 2828 1140 2892 etc.
1171 2818 1332 2915 quidquid
1356 2838 1407 2915 per

106 2916 218 2986 visum
240 2915 420 3009 deliquisti.
465 2916 588 2989 Amen.

207 3024 343 3125 llinister
362 3029 480 3129 verosi
503 3038 548 3090 est
568 3030 597 3090 io
618 3033 712 3092 sacris
725 3033 774 3092 tel
789 3033 915 3111 ipsemet
932 3031 1080 3093 Sacerdos
1098 3040 1168 3111 post
1189 3030 1404 3111 quantitatu-

108 3192 340 3207 ψ

169 3274 200 3339 1)
214 3272 330 3344 Agenda
344 3275 459 3332 llonast.
475 3291 510 3331 ex
523 3277 564 3333 bis
578 3278 665 3333 tribus
680 3276 827 3335 collectam
841 3294 919 3334 unam
935 3278 1047 3336 retinet:
1062 3276 1167 3334 Exaudi
1182 3286 1238 3339 etc.

158 3353 201 3431 A)
216 3357 333 3427 Agenda
347 3359 462 3416 honest.
480 3360 784 3431 lnterrogetl’arochus
803 3379 864 3417 uum
884 3363 950 3419 velit
965 3363 1236 3419 hocsaoramcutum
1253 3365 1280 3420 in
1302 3362 1404 3419 fidest-

106 3438 209 3496 clesiac
225 3440 384 3499 Catholicae
400 3442 562 3515 percipere,
582 3461 636 3516 quo
652 3444 761 3503 dicente
772 3446 860 3503 Volo
878 3453 941 3503 tunc
953 3446 988 3503 ad
1003 3447 1212 3504 contessionem
1227 3448 1354 3505 hortetur
1365 3452 1404 3503 stc

105 3524 142 3583 ci.
154 3541 182 3596 p.
193 3524 255 3583 316.
286 3526 416 3583 Recitatis
429 3527 560 3583 Precibus
574 3545 606 3584 ac
619 3528 729 3587 Litauiis
745 3548 777 3587 ao
791 3530 950 3603 praemissis
961 3531 1118 3603 quibusdam
1130 3531 1288 3599 versiculis,
1300 3532 1403 3589 cutte

103 3609 222 3666 cerdos:
237 3609 309 3666 Deus
323 3610 368 3683 qui
383 3609 517 3666 Ezechiae
531 3611 632 3669 tumulo
648 3621 695 3670 tuo
709 3615 862 3687 terquinos
876 3631 962 3671 annos
976 3614 1013 3673 ad
1026 3615 1246 3686 uitamdonasti,
1257 3617 1296 3673 ita
1310 3624 1338 3672 et
1351 3616 1403 3671 tau

103 3693 231 3750 tumulum
254 3701 327 3750 tuum
341 3711 356 3751 a
371 3695 446 3750 lecto
461 3695 640 3763 aegritudinis
655 3704 699 3754 tus
714 3698 836 3769 potentia
852 3698 942 3769 erigat
955 3698 991 3755 ad
1005 3700 1118 3757 salutem
1132 3696 1243 3772 (occur.
1260 3709 1289 3757 et
1303 3701 1331 3757 in
1345 3700 1402 3755 Son.

99 3772 248 3850 lingon),
261 3777 339 3834 dein:
352 3778 467 3850 Respice
480 3779 594 3836 Domine
607 3783 732 3837 famulum
744 3789 816 3838 tuum
828 3789 880 3837 etc.
896 3790 926 3838 ιιι
938 3782 1018 3838 iutra.
1048 3783 1150 3839 Porro:
1165 3784 1195 3839 lo
1212 3785 1324 3841 nominc
1335 3779 1402 3840 Patria

53 3936 60 3948 υ
104 3867 157 3915 etc.
176 3869 314 3935 utsupra.
343 3863 447 3919 ltituale
461 3862 567 3923 trevir.
589 3873 652 3937 post
669 3866 785 3922 litanias
800 3884 833 3922 ac
847 3866 1006 3923 Versiculos
1022 3867 1100 3940 ponit
1114 3866 1272 3925 Collectss:
1295 3854 1402 3936 deum

103 3941 236 4003 Ezechiae
249 3952 302 4007 etc.
324 3947 439 4020 Respice
450 3948 563 4004 Domine
575 3956 628 4008 etc.
647 3950 760 4007 Domine
767 3952 851 4021 Deus,
861 3950 906 4022 qui
916 3954 966 4023 per
974 3951 1137 4024 Apostolum
1148 3952 1400 4009 muntaeobamen.

14 4070 17 4075 .
104 4025 155 4081 llic
168 4028 272 4086 dicatur
284 4048 299 4086 a
311 4031 441 4088 ministris
454 4031 498 4087 Co
507 4033 652 4103 nliteor,
664 4051 717 4105 quo
729 4035 804 4091 dicto
819 4036 852 4092 ab
866 4036 929 4107 ipso
944 4050 1052 4108 quoque
1063 4041 1192 4106 aegroto,
1204 4036 1345 4093 Sacerdos
1354 4045 1400 4093 set·

104 4124 151 4167 sus
166 4111 241 4167 illurn
253 4114 341 4171 dicat:
357 4117 516 4173 llisereatur
530 4124 584 4176 etc.
601 4124 628 4173 ot
641 4118 848 4190 Indulgentiam.
878 4117 962 4175 Dein:
976 4119 1007 4187 lu
1020 4119 1130 4178 nomine
1142 4128 1198 4175 etc.
1212 4126 1242 4175 ut
1257 4138 1348 4193 supra.

165 4192 198 4269 3)
212 4196 332 4255 laetante
350 4208 438 4257 morte
455 4200 480 4256 si
501 4201 653 4272 dubitetur,
674 4204 807 4259 lullrmum
824 4203 980 4276 priusquam
995 4194 1162 4261 absolvatur
1174 4211 1298 4261 extrema
1309 4200 1398 4263 onan

75 4342 81 4355 ο
104 4277 271 4367 moritorum,
283 4291 375 4352 potest
384 4279 523 4342 Sacerdos
535 4285 638 4342 unicam
649 4295 753 4357 partem
762 4302 867 4356 ungero
875 4288 926 4344 sub·
935 4289 1048 4344 formula
1059 4288 1331 4361 quinquesensuum,‘
1337 4287 1398 4345 etas

103 4371 163 4412 mue
177 4371 310 4418 consueto
325 4368 405 4438 signo
421 4370 520 4432 crucis.
541 4368 608 4446 (Per
623 4371 700 4425 istan
712 4377 764 4425 etc.
777 4367 908 4442 quidquid
920 4389 969 4444 per
982 4373 1087 4442 Visum,
1101 4372 1242 4444 Auditum,
1258 4374 1396 4431 odernam

104 4435 213 4497 (iustum
230 4448 452 4523 etbocutionem,
463 4455 574 4510 Tectum
589 4460 617 4510 et
629 4454 756 4511 (ireseum
768 4452 916 4526 deliquisti.
939 4454 1052 4533 Amen.)
1079 4457 1154 4515 Ordo
1168 4458 1349 4517 membrorum
1357 4462 1395 4509 ιιι

103 4527 146 4577 est
158 4529 330 4586 necessarius
343 4536 507 4592 necessitate
521 4537 687 4595 sacramenti
701 4537 752 4596 scd
764 4539 914 4611 praecepti.
