3046 4942
52 483 246 557 nocentiam
266 481 388 557 imitari
408 482 580 581 possimus
602 491 638 555 et
658 502 779 556 eorum
798 482 956 557 moritum
975 485 1141 580 consequi
1157 508 1357 566 mereamor.

53 586 290 670 Pereundem
312 597 376 659 eto.
386 582 419 684 1)

158 699 266 763 Postea
284 698 316 760 bt
329 696 498 760 l’rooessio.
516 748 521 757 .
540 692 579 757 llt
597 696 692 779 prino
709 694 871 759 Gelebrans
885 695 1009 776 imponit
1020 697 1172 760 incensum
1189 699 1220 760 in
1233 699 1361 765 thuribu-

54 800 116 863 lum
136 811 166 864 at
178 801 327 863 Diaconos
346 808 467 862 uertens
486 815 520 861 ae
538 797 574 859 sd
596 799 736 881 populum
756 798 842 861 dicit:
868 787 1099 865 Procedamus
1126 793 1161 862 in
1185 814 1282 890 paee.
1324 802 1364 867 Et

55 902 174 967 chorus
188 901 365 983 respondet:
392 891 431 963 In
451 893 587 964 nomine
607 890 750 981 Christi,
775 891 897 964 Amen

161 1003 315 1067 Praecedit
328 1005 530 1066 thuriferarius
543 1022 607 1066 com
621 1003 770 1067 tburibulo
784 1005 963 1082 fumigante,
978 1002 1085 1067 deinde
1099 1005 1302 1070 subdiaconus
1314 1026 1364 1090 pa·

52 1115 150 1185 ratus,
166 1106 304 1169 deierans
313 1106 446 1185 Crucem,
462 1104 575 1170 medius
588 1109 667 1170 inter
680 1106 936 1185 daoshoolptbos,
953 1124 1017 1168 euru
1033 1107 1217 1171 candelabris
1229 1112 1364 1173 accensis

53 1211 193 1291 seqnitur
206 1208 308 1271 clerus
328 1229 385 1292 per
402 1208 552 1288 ordinem,
572 1219 642 1272 tune
655 1208 816 1273 celebrans
838 1228 903 1272 oum
916 1208 1050 1273 Diacono
1065 1229 1081 1271 a
1095 1212 1241 1290 sinistris,
1262 1230 1365 1276 omnes

57 1330 125 1373 eum
139 1313 227 1374 ramis
241 1313 270 1374 in
283 1313 427 1390 marinna,
440 1320 471 1373 at
484 1320 635 1374 munstur
648 1312 1241 1394 sequenteshntiphonse‚selomnesral
1250 1317 1365 1399 aliquae

58 1432 213 1497 quousque
228 1414 312 1477 durat
326 1416 494 1477 Processio.

160 1507 245 1581 Cum
266 1509 552 1604 appropinquaret
572 1507 739 1579 Dominus
758 1503 949 1579 Ierusalem
969 1515 1034 1579 eto.
1055 1548 1102 1561 -
1120 1512 1287 1584 miserere
1303 1533 1365 1585 no·

56 1609 112 1685 bis
137 1612 184 1684 lili
205 1609 328 1682 David.
431 1668 435 1679 .
875 1648 878 1653 -
1373 1630 1378 1639 ·

162 1709 248 1785 Cum
270 1710 420 1784 audisset
441 1708 601 1807 populus,
628 1710 704 1803 quia
726 1705 825 1780 lesus
845 1709 942 1779 veuit
961 1706 1209 1806 lerosolymam
1228 1721 1292 1783 eto.
1316 1752 1363 1767 -—
1474 1726 1481 1735 “

57 1811 167 1887 Salve
193 1836 261 1886 rex
285 1812 471 1884 fabricator
495 1811 629 1900 muudi,
656 1813 714 1905 qui
738 1810 865 1883 venuti
888 1810 1059 1883 redimere
1081 1833 1155 1885 nos.

161 1916 254 1987 Ante
281 1936 345 1987 sex
366 1913 439 1986 dies
463 1912 639 1986 sollemnis
660 1912 813 1987 Paschae
837 1920 900 1983 etc.
929 1915 987 2007 qui
1013 1916 1138 1989 uenisti
1163 1916 1199 1987 iu
1219 1915 1366 1990 multitu-

57 2018 141 2088 diue
166 2014 427 2113 misericordiae
441 2024 529 2087 tuae.
576 2014 737 2088 llosaurra
763 2016 799 2085 in
825 2015 984 2089 excelsis.

165 2118 355 2190 Occurrunt
379 2116 500 2191 turbae
526 2140 602 2189 oum
628 2114 769 2190 boribus
790 2126 853 2188 eto.
879 2127 913 2188 et
933 2120 969 2188 in
994 2116 1130 2190 laudem
1157 2116 1282 2195 Christi
1303 2142 1366 2194 vo-

59 2244 121 2295 ces
143 2230 260 2294 tonant
284 2242 347 2316 per
370 2219 504 2291 nubila:
529 2218 691 2293 llosanna
716 2220 753 2289 iu
779 2218 938 2294 excelsis.

165 2321 250 2395 Cum
268 2322 415 2415 Angelis
441 2332 475 2394 et
495 2325 611 2443 pueris
631 2320 780 2394 fideles
771 2324 1003 2412 inveniamur,
1022 2323 1258 2420 triumphatori
1277 2348 1367 2399 mor-

58 2427 104 2499 tis
129 2426 335 2498 clamantes:
361 2423 558 2498 llosanna
549 2447 583 2495 m
610 2421 769 2496 excelsis.

34 2569 44 2575 ·-
164 2527 279 2601 Turba
305 2527 409 2599 multa
433 2548 524 2622 quaa
546 2532 756 2599 convenerat
784 2522 826 2596 ad
853 2523 941 2595 diem
964 2522 1089 2597 festum
1111 2524 1278 2598 clamabat
1296 2466 1368 2600 llo-

59 2633 174 2705 mino:
201 2630 406 2705 Benedictus
431 2631 490 2726 qui
513 2632 609 2701 venit
634 2630 670 2699 iu
694 2628 831 2699 nomine
857 2626 1003 2700 Domini.
1059 2626 1255 2703 Hosanua
1246 2651 1282 2700 m
1308 2652 1369 2702 ex·

58 2734 174 2807 celsis.
804 2788 807 2793 -

165 2842 197 2902 ln
220 2844 392 2905 reversione
406 2843 610 2906 Processionis
624 2843 681 2904 duo
695 2842 744 2904 vel
758 2850 882 2924 quatuor
896 2848 1033 2902 cantores
1047 2841 1156 2904 intrant
1166 2841 1198 2902 in
1213 2841 1369 2904 ecclesiam

60 2954 97 3007 et
119 2942 218 3005 clauso
240 2945 319 3004 ostio
343 2953 454 3006 stantes
473 2963 560 3006 uersa
577 2946 654 3007 iacis
672 2944 707 3007 ad
723 2945 948 3007 Processionem
962 2944 1105 3024 incipiunt
1119 2930 1236 3007 Gloria
1251 2934 1325 3008 laus
1339 2952 1370 3006 et

63 3046 220 3109 decentum
234 3044 307 3107 duos
322 3045 434 3125 primos
447 3063 561 3107 remus.
589 3046 737 3109 Sacerdos
750 3065 823 3109 rero
840 3064 904 3106 oum
917 3044 982 3106 aliis
996 3054 1079 3107 extra
1093 3046 1247 3109 eeclesiam
1260 3049 1370 3128 repetit

61 3147 197 3212 eosdem.
235 3147 352 3208 lleiade
370 3148 420 3227 qui
442 3156 510 3208 snat
532 3149 609 3209 intus
624 3156 741 3209 cautant
752 3149 828 3210 alios
842 3165 947 3209 uersos
960 3156 1121 3227 sequentes
1137 3148 1187 3210 sal
1205 3167 1306 3212 omnes
1321 3148 1370 3211 rel

63 3260 177 3332 partem
197 3259 285 3332 prout
305 3250 454 3312 ridebitur
474 3259 503 3311 et
524 3250 573 3331 qui
592 3259 660 3313 sont
674 3259 757 3312 extra
771 3250 806 3312 ad
821 3248 971 3331 quoslibet
983 3248 1058 3313 duos
1070 3266 1175 3312 veram
1188 3252 1370 3333 respondent

63 3342 183 3417 Gloria
197 3344 272 3415 laus
286 3354 363 3414 sicut
375 3371 392 3414 a
405 3353 563 3434 principio.

168 3445 303 3534 Gloria,
325 3446 401 3517 laus
423 3455 458 3519 et
477 3444 588 3518 bonor
608 3445 668 3518 tibi
689 3447 734 3521 sit
754 3444 834 3518 Rex
854 3443 989 3519 Christo
1009 3445 1216 3544 redemptor.

66 3547 130 3621 Cui
150 3547 284 3645 puerile
307 3546 412 3621 decus
435 3546 603 3644 'prompsit
623 3548 785 3623 Hosarma
806 3551 907 3646 pium.

65 3651 175 3725 lsrael
202 3659 299 3724 estu
324 3672 408 3739 rex,
434 3649 577 3722 Davidis
600 3661 634 3722 et
656 3652 781 3745 inclyta
805 3650 932 3746 proles.

118 3752 263 3826 Nomine
283 3754 341 3847 qni
360 3755 396 3822 in
415 3751 561 3824 Domine
581 3752 661 3825 Rex
681 3751 862 3825 benedicte
883 3754 990 3827 venis.

272 3850 407 3943 Gloria‚
426 3853 501 3929 laus
524 3863 558 3925 et
578 3854 688 3927 honor
708 3864 771 3927 eto.

66 3957 195 4032 Coetus
221 3961 256 4028 in
283 3956 433 4031 excelsis
455 3968 489 4028 te
512 3956 627 4029 laudat
654 3956 807 4030 coehons
828 3958 937 4029 omnis

117 4060 162 4131 Et
185 4060 338 4132 mortahs
359 4059 461 4132 bomo
483 4068 519 4131 ot
540 4069 662 4131 cuncta
683 4068 798 4131 ereata
819 4058 928 4132 simul

274 4160 409 4252 Gloria,
431 4162 506 4236 laus
532 4171 567 4233 et
594 4160 704 4234 honor
731 4170 795 4232 eto.

66 4329 290 4342 ..-—-—--

140 4414 1370 4497 1·)ttisahspdseannoroneupertheotecnadaesnperae·

66 4503 351 4648 gprpprstrpssnrbas.
377 4501 426 4561 list
439 4503 556 4562 collecta
566 4504 745 4563 Ambrosiam
747 4521 858 4579 ,neque
872 4502 1043 4563 desideratur
1056 4500 1163 4561 inilod.
1176 4498 1287 4561 aamx
1299 4498 1371 4602 apud
