3060 4934
812 322 888 395 336

298 511 444 583 Domine
471 504 549 582 lesu
577 505 725 598 Christe,
753 511 809 603 qui
832 508 895 604 p'er
912 519 1005 579 tuem
1028 507 1277 578 sanctissimam
1299 503 1498 596 agoniamel

197 616 399 700 orationem,
427 633 492 706 qua
516 612 624 683 orasti
650 633 713 705 pro
738 611 838 683 nobis
864 614 899 680 in
925 621 1041 681 monte
1069 607 1208 694 oliveti,
1237 604 1380 701 quando
1406 604 1497 677 laen

197 726 248 786 est
269 714 375 787 sudor
394 722 472 785 tuus
496 715 583 784 sieut
603 722 720 805 guttae
746 715 920 804 sanguinis
949 712 1162 783 decurrentis
1184 712 1219 780 in
1240 716 1394 780 terram:
1417 706 1497 779 ol*
1529 715 1530 718 ’

71 872 75 879 ,
196 839 256 887 cro
284 826 332 891 te„
358 825 394 885 ut
420 815 665 885 multitudinem
692 814 828 887 sudoris
855 818 904 885 tui
927 815 1118 907 sanguinei,
1146 832 1246 906 quem
1274 808 1497 905 praetimeri
1526 773 1530 836 Ι

195 921 352 1010 angustia
377 919 612 1011 copiosissime
634 937 699 1011 pro
721 914 820 989 nobis
844 915 1009 1003 effudisti,
1043 914 1170 985 ollerre
1192 924 1227 984 et
1250 911 1439 985 ostendero
1459 910 1496 981 li
1526 883 1530 938 Ι

196 1021 313 1113 gneris
339 1018 416 1089 Deo
440 1019 530 1088 Patri
558 1021 780 1113 omnipotenti
808 1028 926 1088 contra
954 1016 1200 1087 multitudinem
1222 1016 1377 1086 omnium
1393 1032 1497 1110 peom-
1526 984 1530 1142 ἶ

195 1131 309 1192 torum
336 1119 435 1193 huius
458 1119 574 1190 famuli
595 1124 643 1191 tui
664 1118 703 1190 N.
733 1130 766 1190 et
789 1116 897 1191 libera
917 1126 997 1190 eum
1023 1122 1058 1188 in
1085 1118 1150 1189 heo
1170 1116 1255 1187 hora
1284 1118 1409 1188 mortis
1430 1135 1496 1187 suso
1527 1161 1528 1168 κ

196 1222 237 1292 ab
265 1221 421 1295 omnibus
447 1223 568 1314 poenis
597 1231 631 1292 et
660 1224 846 1313 angustiis,
875 1242 960 1316 quas
989 1241 1053 1319 pro
1082 1221 1234 1316 peccatis
1257 1222 1333 1292 suis
1357 1239 1398 1291 se
1421 1218 1496 1288 tinet

195 1326 372 1395 meruisse.
426 1320 493 1406 oui
520 1345 595 1393 oum
620 1323 721 1394 Putre
743 1332 806 1392 oto.

298 1433 435 1494 Secundo
451 1433 574 1494 dicitur:
593 1424 700 1520 llyrie
714 1426 850 1496 eleison
864 1436 927 1495 eto.
951 1425 1098 1495 Domine
1112 1420 1192 1493 lesu
1207 1420 1362 1509 Christe,
1381 1420 1435 1515 qul
1445 1438 1495 1515 pro

197 1526 296 1598 nobis
318 1528 406 1597 mori
425 1525 582 1617 dignutus
604 1548 642 1599 es
663 1529 697 1596 in
717 1547 832 1615 eruce,
853 1526 1002 1599 obsecro
1017 1535 1065 1611 te,
1080 1534 1116 1595 ut
1131 1544 1251 1596 omnes
1270 1522 1496 1594 amaritudines

196 1631 394 1723 passionum
421 1632 456 1697 et
477 1648 666 1723 poenarum
683 1636 815 1699 luarum
835 1648 920 1723 quas
933 1648 998 1723 pro
1011 1626 1111 1696 nobis
1125 1628 1259 1697 miseris
1272 1622 1497 1719 peeootoril!

197 1731 385 1801 sustinuisti
406 1730 440 1798 in
459 1751 576 1818 eruce,
597 1733 746 1802 maxime
763 1734 798 1801 in
819 1731 876 1799 illa
895 1731 992 1815 hora,
1015 1725 1151 1821 quando
1170 1728 1388 1799 sanctissima
1405 1728 1496 1796 onina

196 1840 255 1902 tua
278 1851 421 1923 egressa
449 1840 502 1903 est
525 1833 568 1904 de
590 1836 802 1906 sanctissimo
830 1850 980 1925 corpore
1001 1850 1084 1915 suo,
1117 1828 1243 1899 ollerre
1272 1837 1308 1898 et
1330 1825 1496 1901 ostendere

197 1932 349 2024 digneris
376 1932 452 2003 Deo
481 1934 571 2004 Patri
599 1932 821 2027 omnipotenti
848 1954 910 2027 pro
939 1934 1048 2001 anima
1077 1931 1176 2004 huius
1195 1929 1317 2001 famuli
1340 1933 1391 2002 tul
1411 1927 1448 2001 N.
1469 1936 1500 1999 et

195 2032 303 2103 libera
331 2052 410 2102 eum
436 2036 469 2101 in
493 2034 557 2129 lrao
580 2035 664 2104 hora
686 2037 807 2105 mortis
828 2034 869 2104 ab
898 2031 1054 2104 omnibus
1075 2035 1198 2129 poenis
1220 2041 1256 2102 et
1283 2030 1500 2133 passionibus

197 2152 281 2225 quas
301 2153 366 2226 pro
388 2136 537 2224 peccatis
560 2137 632 2205 suls
659 2154 699 2204 se
719 2136 815 2203 timet
840 2136 1017 2205 meruisse.
1072 2133 1137 2219 Qui
1160 2156 1234 2203 oum
1255 2134 1363 2205 Patre
1385 2145 1444 2205 eto.

298 2240 401 2302 Tertio
415 2240 536 2303 dicitur:
555 2234 664 2329 liprie
685 2234 821 2305 eleison
839 2244 902 2306 eto.
942 2235 1090 2307 Domino
1109 2234 1187 2308 lesu
1206 2232 1360 2325 Christe,
1379 2238 1431 2330 qui
1447 2254 1502 2331 pu

196 2354 236 2405 os
263 2332 457 2429 Prophetae
483 2336 614 2410 dixisti:
642 2335 690 2409 ln
713 2341 857 2408 caritate
878 2347 1044 2435 perpetua
1069 2338 1174 2410 dilexi
1196 2347 1253 2426 te,
1284 2337 1367 2409 ideo
1389 2336 1502 2409 attrui

195 2444 230 2505 te
255 2437 440 2508 mistiones
470 2438 617 2513 obsecro
643 2448 698 2528 te,
726 2448 762 2510 ut
789 2440 934 2537 eandem
955 2443 1130 2511 ceritatem
1154 2450 1265 2527 tuam,
1294 2456 1385 2533 quae
1408 2450 1442 2511 te
1463 2437 1501 2509 le

160 2626 163 2631 y
195 2537 360 2610 coelis-in
379 2546 506 2611 terram
528 2541 570 2612 ad
592 2542 791 2613 tolerandus
814 2544 962 2613 omnium
982 2546 1180 2637 passionum
1197 2551 1335 2612 tuarum
1357 2544 1502 2613 amaritu-

195 2639 291 2711 dines
319 2645 468 2730 attraxiu
492 2644 618 2715 olierre
641 2650 676 2714 et
699 2643 883 2717 ostendere
905 2644 1056 2736 digneris
1076 2642 1153 2714 lieo
1175 2643 1267 2714 Patri
1290 2636 1502 2739 omnipotenti

194 2756 259 2835 pro
280 2744 396 2811 ,anima
419 2738 518 2816 huius
546 2742 664 2814 lamuli
685 2747 733 2815 tui
754 2743 793 2814 N.
817 2752 852 2816 et
872 2746 979 2816 libera
1004 2764 1082 2816 eum
1105 2744 1147 2815 uh
1168 2744 1327 2817 omnibus
1345 2744 1502 2842 passione

194 2839 259 2913 bus
280 2848 315 2910 et
335 2845 477 2935 poenis,
499 2858 584 2939 qaas
602 2864 666 2940 pro
688 2849 840 2940 pereatis
863 2838 941 2919 sois·
954 2850 1050 2919 timet
1068 2862 1110 2921 se
1129 2849 1309 2920 meruisse.
1344 2847 1398 2951 >Et
1414 2840 1502 2945 salvo

195 3142 270 3199 misit
283 3144 351 3199 loeo
365 3145 454 3201 omnia
469 3146 632 3205 retinentes
647 3150 796 3221 fauturum,
809 3150 883 3222 quod
898 3158 926 3206 et
940 3138 1006 3208 ierit
1020 3166 1079 3206 eom
1094 3151 1235 3222 diligentia
1251 3158 1281 3207 et
1295 3144 1445 3207 devotione
1456 3160 1500 3220 μ

196 3227 294 3298 potuit.
332 3224 398 3285 l'ost
411 3238 526 3289 nortem
542 3246 669 3289 reversus
685 3241 728 3290 est
744 3237 814 3307 l’opa
829 3236 987 3308 splendidas
1001 3236 1036 3291 ad
1048 3253 1109 3291 eum
1124 3243 1337 3306 stomomate,
1353 3242 1445 3307 gruter
1457 3232 1498 3287 ἰι·

195 3328 304 3369 mensae
318 3312 509 3387 sibineierens
524 3325 551 3373 et
566 3317 678 3386 diceas,
692 3319 725 3373 ab
743 3321 816 3389 omni
831 3336 918 3391 poena
934 3338 965 3377 se
980 3337 1042 3377 esse
1057 3321 1208 3377 liberatum.
1237 3320 1305 3377 Nam
1320 3326 1386 3391 post
1399 3319 1499 3393 priora

195 3396 224 3451 P.
240 3395 272 3450 N.
301 3398 431 3454 Dominus
447 3408 540 3456 noster
555 3401 629 3459 lesus
645 3402 767 3458 Christus
780 3400 910 3473 sudorem
924 3392 1001 3461 suurn
1014 3405 1189 3475 sanguineum
1204 3419 1256 3474 pro
1272 3419 1314 3459 rae
1331 3402 1406 3460 l’atri
1419 3406 1498 3459 oston-

194 3479 280 3549 deas,
302 3496 407 3536 onmem
429 3501 513 3538 meam
529 3484 699 3557 propulsant
714 3478 876 3555 angustiam.
905 3476 971 3544 P'oe't
986 3486 1132 3543 seeundum
1148 3486 1176 3542 P.
1194 3487 1225 3541 ll.
1241 3500 1294 3557 per
1306 3474 1498 3543 amaritudine!

193 3564 310 3621 omnium
325 3566 480 3637 passionum
495 3585 603 3624 suarum
618 3570 707 3625 omnia
725 3579 837 3641 peecata
854 3588 911 3626 mea
927 3577 957 3626 ut
970 3573 1066 3627 nubem
1082 3571 1191 3627 delevit.
1226 3571 1293 3627 Post
1307 3572 1418 3628 tertium
1431 3571 1457 3629 P.
1469 3566 1497 3625 ll.

193 3665 243 3720 per
266 3648 407 3705 ceritatem
427 3668 501 3707 suam
523 3654 618 3709 coelos
638 3655 773 3709 reseravit
794 3662 822 3710 et
845 3672 960 3710 meeum
977 3654 1273 3724 gaudiointrodnxit.“
1317 3656 1407 3711 Docet
1420 3662 1498 3709 umen

193 3732 282 3788 monta
305 3734 378 3805 qood
400 3734 484 3792 doeet
502 3730 614 3807 integer
630 3737 706 3815 Ordo
720 3737 984 3809 θοιιιιιιιᾱιιίοιιίι,
1007 3736 1142 3795 cumdum
1159 3734 1318 3793 oruoiirum
1333 3736 1498 3795 morientibus

193 3816 302 3872 mundi
324 3830 357 3873 ιι
377 3820 562 3876 commendari
582 3821 688 3876 ualeam
709 3834 835 3891 musam,
855 3821 962 3879 aninam
982 3824 1083 3879 iontem
1107 3822 1210 3881 salutis.
1245 3820 1499 3881 virdunicae

192 3900 269 3970 bant,
285 3912 320 3955 ex
333 3906 447 3972 duorum
462 3904 592 3975 opinione
606 3906 742 3961 Romanae
757 3902 892 3962 eoelern'ae
907 3907 1005 3979 poppis
1015 3914 1044 3962 et
1052 3920 1136 3978 prora
1144 3904 1499 3965 eatsenetoram'iavooatit.

191 3981 325 4053 Aleogius
339 3982 593 4058 (Univernslg'eroi.
613 3988 662 4045 der
678 3988 787 4047 christi.
804 3990 836 4044 li.
852 3990 903 4050 ild,
918 3992 946 4045 3,
967 4006 993 4063 p.
1008 3990 1075 4063 Θῆ)
1091 4006 1125 4044 en
1139 3990 1255 4060 Agenda
1270 3992 1500 4050 (insomnium

194 4067 263 4120 moe
283 4067 355 4124 edita
376 4071 445 4125 naso
459 4072 620 4145 exseripalt:
640 4102 676 4114 —
693 4100 734 4115 —
752 4070 812 4129 llud
827 4088 860 4129 ao
873 4072 1109 4131 deustbrltenulen
1124 4082 1206 4144 eapte
1218 4068 1499 4135 mimidanensis

193 4148 256 4206 daea
271 4152 314 4206 ltu
333 4154 408 4209 nlolt
429 4154 529 4223 eadere
548 4156 620 4224 relig
641 4154 755 4213 werden
777 4157 831 4213 und
850 4158 879 4213 iu
901 4159 950 4215 dae
964 4158 1058 4228 erige
1072 4159 1162 4213 leben
1176 4158 1315 4228 eingelrou
1330 4162 1447 4227 kunnat',
1466 4153 1500 4209 111

191 4232 277 4289 dureo
298 4235 349 4291 dea
363 4237 515 4296 Verdietie't
534 4239 585 4295 dee
600 4240 714 4296 leldeos
733 4252 850 4297 anseres
864 4242 952 4297 llerro
969 4244 1030 4297 loru
1044 4239 1158 4297 (ilrriati
1185 4242 1224 4299 la.
1252 4240 1340 4300 Setae·
1351 4244 1413 4301 aleo
1426 4239 1499 4299 liuh

190 4330 280 4386 genae
288 4316 427 4393 lloiloung
442 4314 496 4378 uod
505 4322 656 4380 Veritatem
671 4326 719 4379 atri
726 4320 986 4381 dieeblttreleirleu
995 4326 1048 4381 und
1057 4321 1110 4380 den
1117 4324 1175 4381 'lod
1184 4326 1294 4391 comni·
1318 4328 1429 4384 Dionen
1435 4319 1499 4381 Tol·

191 4400 326 4469 ιιιιςιοι
341 4403 408 4458 oron
430 4422 499 4475 gam
519 4406 573 4462 uno
595 4408 701 4463 swam
714 4408 768 4463 uno
788 4420 908 4480 senago
928 4410 1004 4465 nime
1019 4408 1166 4466 arr-aoros
1181 4408 1429 4483 ιιιιιιηιςιιιι
1447 4402 1501 4463 -lut

191 4479 281 4536 molito
294 4484 402 4541 luders
425 4495 509 4544 mussi
524 4490 562 4545 ito
584 4497 740 4547 vortrsaea.
769 4489 817 4548 lllt
837 4493 898 4551 dom
918 4492 1066 4564 elluinigea
1076 4493 1155 4549 'lodo
1170 4494 1272 4551 (lla-iuti
1286 4504 1375 4553 mast
1389 4496 1428 4551 ῠιι
1441 4488 1499 4549 ild

192 4561 350 4635 toronen,
365 4568 442 4623 dario
456 4570 620 4628 einwlolraln
634 4574 688 4630 uad
701 4590 734 4630 au
748 4572 803 4630 ton
818 4576 962 4634 lindielen
976 4592 1004 4634 ιι
1016 4592 1041 4634 ι.
1055 4590 1092 4634 w.
