3046 4942
730 276 807 349 42⁶

121 488 202 535 uem.
239 470 305 535 ilex
325 486 400 537 uero
412 469 525 534 electus
537 469 574 532 ad
588 479 702 551 partem
715 490 751 535 se
761 471 885 535 rotulit
897 480 929 533 et
941 468 1115 552 genuflexus
1128 485 1193 531 ιιι
1206 472 1269 535 ruis
1279 471 1420 536 inclutis

121 573 291 645 domesticis
310 572 389 637 idem
409 574 490 635 iecit.
531 573 676 635 Similiter
692 584 723 636 et
736 573 878 655 Episcopi
896 575 990 656 parati
1006 572 1072 633 siue
1086 571 1180 633 mitris
1191 581 1305 636 stum
1314 574 1375 637 luiui
1390 587 1421 638 et

119 674 414 740 ltiuiGouieseiouem
429 674 538 740 dicunt.
568 674 665 738 Finita
675 674 1121 765 Goulessiouelletropolitauns
1132 673 1421 739 mmsis-tuisne

119 787 151 840 et
163 779 299 860 procedit
311 779 340 838 iu
355 777 444 839 llissa
456 795 539 840 more
551 778 642 841 solito
656 797 747 860 uque
760 778 797 841 ed
809 778 936 841 Alleluia
948 781 1013 840 sius
1026 775 1156 838 ultimum
1168 794 1286 839 versun
1300 777 1421 841 Ίιιιιιι

117 881 167 942 vel
178 881 357 960 sequentiae
370 879 532 957 exclusive,
545 879 688 943 Praelatio
703 883 811 962 puratis
824 882 904 941 iuxta
918 898 985 941 suas
998 877 1085 939 sodes
1098 879 1243 941 nutibus
1255 879 1304 941 vel
1317 880 1422 942 sedeu-

117 984 216 1060 tibus,
237 993 326 1063 prout
346 988 461 1063 tempus
477 982 612 1064 requirit.
648 982 768 1045 iuterim
781 981 882 1044 schola
895 981 1015 1053 inchoat
1024 981 1177 1042 introitum
1191 991 1222 1044 et
1234 985 1423 1062 prosequitur

115 1087 148 1145 in
162 1084 268 1163 illisae,
290 1094 320 1147 et
333 1082 398 1146 ilex
416 1102 432 1148 ι
453 1087 514 1146 suia
536 1085 650 1146 ducitur
663 1086 693 1146 in
706 1085 876 1147 sacristiam
888 1084 937 1146 vel
953 1084 1008 1146 sub
1022 1082 1173 1163 papilione
1186 1084 1221 1145 ed
1237 1084 1293 1146 hoc
1307 1095 1422 1164 pareto,

115 1188 167 1248 ulii
189 1189 266 1248 iuter
286 1186 421 1268 scopulus
441 1195 471 1248 et
484 1185 634 1251 brachium
645 1187 794 1250 inunctum
808 1187 953 1266 bombyce
968 1186 1045 1248 lseue
1056 1183 1239 1263 abstergitur
1251 1196 1281 1248 et
1294 1186 1423 1248 induitur

116 1289 267 1367 regalibus
288 1289 463 1351 indumentis
481 1307 520 1350 ex
540 1306 623 1385 mpre
642 1293 754 1369 regui..
779 1289 898 1353 l’urutus
920 1291 1019 1370 ituque
1039 1286 1104 1349 Rex
1125 1296 1156 1349 et
1176 1296 1296 1350 ornatus
1316 1307 1422 1370 proce·

116 1392 159 1453 dit
172 1408 236 1452 cum
250 1393 310 1452 suis
324 1390 476 1465 l'ruelatis,
490 1390 654 1454 Barouilrus
668 1402 699 1453 et
712 1392 778 1455 aliis
791 1392 827 1454 ud
842 1395 1017 1455 eminentem
1032 1399 1062 1451 et
1075 1399 1207 1453 ornatum
1221 1391 1378 1454 thalamum
1391 1401 1423 1454 et

117 1495 157 1554 ibi
179 1511 268 1575 super
289 1493 388 1572 aliquo
409 1491 575 1556 faldistorio
600 1503 705 1556 ornato
725 1494 900 1572 genuflexus
920 1492 1091 1555 incumbens
1112 1491 1321 1556 auditliissam
1336 1512 1421 1575 quatu

116 1596 243 1658 Praelati
263 1596 308 1657 sui
326 1612 385 1656 uon
399 1597 493 1674 parati
506 1597 744 1658 circumastantes
760 1597 844 1658 etium
859 1595 1009 1674 genutexi
1024 1594 1127 1670 legunt
1140 1595 1280 1673 usquead
1295 1595 1421 1657 Alleluia

115 1701 181 1760 sive
195 1698 325 1760 uldmum
342 1715 460 1758 uersum
475 1695 597 1760 Tinctus
610 1697 658 1759 vel
672 1698 850 1778 sequentiae
865 1696 1028 1759 exclusive.
1058 1695 1147 1756 ldissu
1160 1694 1267 1756 dieitur
1279 1696 1316 1756 de
1329 1696 1378 1758 die
1391 1705 1422 1759 et

116 1820 182 1862 cum
195 1801 336 1862 Oratione
351 1798 409 1860 diei
421 1798 528 1861 dicitur
540 1817 595 1880 pro
609 1801 675 1880 ipso
689 1798 796 1873 illecto
809 1799 895 1877 Rege
910 1799 964 1862 sab
979 1818 1035 1861 una
1049 1797 1256 1859 conclusione:

219 1891 432 1976 Quaesumus
452 1895 665 1989 omnipotens
683 1892 778 1967 Deus
797 1905 834 1966 nt
854 1892 1000 1966 famulus
1021 1901 1099 1966 tuus
1115 1888 1156 1962 N.
1194 1890 1273 1961 Rex
1289 1899 1422 1991 noser,

115 1997 175 2089 qui
205 2004 263 2065 tua
292 1996 510 2066 miseratione
541 1996 690 2091 suscepit
720 2001 821 2089 regui
846 1994 1098 2090 gubernacula,
1130 1995 1292 2065 virtutum
1319 1995 1420 2064 etiam

116 2099 264 2167 omnium
285 2098 449 2192 percipiet
474 2099 694 2186 incrementa,
716 2099 837 2193 quibus
859 2098 1021 2170 decenter
1044 2106 1182 2170 ornatus
1204 2104 1239 2167 et
1260 2098 1421 2168 vitiorum

113 2208 264 2271 monstra
291 2198 445 2270 devitare
471 2209 505 2271 et
531 2199 574 2271 ad
600 2209 647 2289 te,
673 2203 732 2296 qui
755 2203 826 2292 via,
852 2204 981 2274 neritus
1011 2210 1045 2273 et
1069 2203 1141 2273 vita
1167 2221 1218 2288 es,
1245 2200 1420 2293 gloriosus

114 2300 229 2372 vnleat
253 2303 445 2397 pervenire.
498 2301 566 2373 Per
587 2301 685 2373 Dom.

217 2412 352 2474 Gradnali
366 2420 482 2475 castate
488 2411 733 2494 lletropolitanus
747 2412 834 2475 sedet
849 2422 917 2473 suta
930 2413 1021 2474 altare
1037 2431 1101 2474 cum
1115 2414 1199 2472 mitre
1212 2415 1241 2472 in
1252 2410 1417 2472 faldistorio

116 2524 145 2575 et
158 2515 223 2575 Rex
237 2533 253 2575 u
267 2516 328 2575 suis
342 2515 503 2577 associatus
518 2514 631 2577 medius
643 2516 721 2577 inter
734 2516 849 2596 priores
866 2514 1017 2576 Praelatos
1032 2522 1153 2595 paratos
1167 2513 1202 2574 ad
1217 2510 1418 2593 Metropolita-

114 2636 180 2677 num
195 2617 354 2695 reducitur,
369 2619 416 2678 eui
428 2617 505 2680 iaetu
519 2620 686 2680 reverentia
701 2627 731 2679 ut
744 2618 826 2699 prius
840 2615 1012 2695 genuflectit
1025 2633 1124 2679 coram
1137 2633 1186 2676 eo.
1213 2614 1297 2676 Tunc
1308 2613 1418 2676 lietro·

113 2720 262 2800 politanus
277 2722 384 2801 accipit
396 2720 534 2799 gladium,
550 2741 636 2803 quem
650 2739 724 2782 unus
737 2722 934 2782 ministrorum
951 2719 1006 2782 sibi
1021 2718 1152 2803 porrigit
1163 2719 1199 2780 de
1207 2720 1290 2779 ulturi
1299 2727 1328 2778 et
1335 2716 1417 2778 illm

113 2824 299 2898 evaginatum
317 2823 403 2882 tradit
416 2825 445 2883 iu
458 2842 559 2885 manus
574 2827 654 2902 regis
669 2824 786 2887 diceus:
812 2813 944 2910 Accipe
966 2815 1117 2908 gladium
1143 2812 1185 2884 de
1208 2813 1305 2884 alieri
1327 2833 1417 2886 sum-

113 2922 183 2983 tum
208 2934 271 3007 per
293 2923 428 2984 nostras
454 2936 573 2988 manus
596 2916 679 2989 licet
702 2915 880 3009 indignas,
912 2920 991 2988 uice
1017 2928 1131 2989 umen
1156 2926 1190 2986 et
1214 2918 1416 2987 anctoritate

111 3023 308 3088 sanctorum
325 3014 574 3108 Apostolorum
597 3028 830 3103 consecratos,
851 3017 913 3089 tibi
932 3020 1098 3110 regaliter
1119 3038 1333 3104 concessum,
1353 3038 1416 3087 no-

110 3126 272 3209 straeque
292 3113 381 3186 bene
388 3115 419 3207 †
429 3114 584 3189 dictionis
603 3117 731 3205 cilicio,
750 3122 784 3188 in
806 3118 1040 3191 defensionem
1056 3130 1196 3191 suumne
1211 3119 1277 3190 Dei
1292 3117 1415 3190 Eccle-

110 3223 182 3292 siae
204 3217 363 3290 diviuitus
385 3218 588 3308 ordinatum,
607 3229 643 3290 et
660 3230 882 3294 memoresto
901 3224 975 3293 eius
993 3221 1035 3293 de
1053 3244 1120 3317 quo
1139 3222 1316 3295 Psalmista
1334 3242 1414 3317 pro-

108 3321 273 3418 phetavit,
296 3319 429 3394 dicens:
451 3322 651 3415 Accingere
668 3322 783 3415 gladio
804 3333 863 3395 tuo
885 3345 990 3419 super
1009 3323 1121 3397 femur
1141 3334 1233 3396 tuum
1250 3327 1413 3418 potentis-

109 3427 208 3512 sime,
233 3433 270 3495 ut
296 3425 330 3494 in
356 3423 422 3495 hoc
443 3447 505 3521 per
528 3425 674 3497 eundem
699 3427 770 3496 vim
795 3428 974 3521 aequitatis
999 3449 1178 3514 exercens,
1203 3425 1328 3496 molem
1348 3428 1412 3496 ini-

109 3528 244 3620 quitatis
267 3534 425 3621 potenter
448 3526 603 3600 destrues
627 3538 660 3601 et
682 3537 832 3602 sanctam
859 3528 925 3600 Dei
949 3526 1139 3603 Ecclesium
1165 3532 1306 3621 eiusque
1328 3525 1411 3597 lide-

107 3629 160 3700 les
187 3648 384 3724 propugnes
406 3648 446 3698 ac
468 3638 643 3723 protegas,
664 3653 729 3702 nec
750 3636 860 3705 minus
885 3631 950 3705 sub
976 3633 1045 3706 lide
1065 3634 1171 3706 lacos
1192 3650 1292 3723 qnam
1316 3625 1411 3699 Glari-

107 3733 207 3805 stiuni
227 3732 372 3802 numinis
395 3727 511 3803 hostes
532 3753 677 3807 execres
700 3756 741 3804 ac
761 3732 952 3831 disperges,
973 3737 1094 3808 uiduus
1116 3742 1150 3804 et
1170 3730 1319 3826 pupillos
1340 3730 1410 3802 cle-

105 3842 239 3904 menter
261 3831 402 3904 udinves
423 3849 465 3902 ac
485 3832 662 3924 delendas,
685 3835 837 3908 desolata
855 3849 1043 3927 restaures,
1061 3841 1249 3908 restaurata
1270 3854 1409 3906 conser-

105 3958 189 4021 ves,
218 3935 395 4007 ulciscaris
424 3936 565 4025 iniusta,
600 3935 780 4008 confirmes
810 3938 898 4029 hene
926 3940 1103 4037 disposita,
1133 3945 1298 4030 quatenus
1323 3935 1409 4008 haec

105 4036 243 4130 agendo
273 4041 432 4109 uirtutum
468 4037 635 4134 triumpho
664 4041 837 4131 gloriosus
859 4045 1070 4134 iustitiaeque
1097 4038 1209 4108 cultor
1233 4041 1408 4131 egregius,

105 4162 185 4212 cum
207 4140 322 4210 mundi
343 4142 516 4212 salvatore
538 4144 612 4213 aine
633 4140 699 4237 sine
719 4163 866 4233 regnare
885 4145 1056 4213 merearis.
1092 4137 1157 4224 Qui
1170 4160 1246 4210 cum
1259 4138 1334 4211 Deo
1350 4160 1406 4213 ete

208 4251 259 4312 llis
273 4251 419 4332 expeditis
434 4255 514 4315 ensis
527 4271 542 4315 a
555 4255 694 4315 ministris
708 4256 738 4314 in
756 4255 890 4330 vsgiuam
903 4253 1055 4333 reponitur
1068 4249 1349 4332 etlletropolitaune
1358 4271 1404 4316 sc

105 4357 199 4432 cingit
216 4372 288 4416 ense
300 4352 413 4431 Regem
428 4355 543 4417 dicens:
564 4346 762 4440 Accingere
782 4345 895 4439 gladio
914 4356 974 4418 tuo
990 4366 1094 4441 snper
1110 4343 1220 4416 lemur
1236 4355 1329 4417 tunm
1345 4369 1409 4445 po·

102 4449 305 4536 tentissime,
331 4455 365 4517 et
387 4450 522 4521 attende
543 4450 640 4545 quod·
656 4449 772 4523 Sancti
794 4473 861 4524 non
883 4455 918 4522 in
938 4448 1054 4544 gladio
1073 4447 1135 4522 sed
1155 4470 1217 4544 per
1238 4448 1337 4523 iidem
1355 4456 1407 4526 vi-

104 4559 226 4622 cerunt
250 4570 364 4641 regna.

1144 4657 1211 4723 29*
1264 4719 1269 4723 .
