3046 4942
727 264 803 337 286

104 443 199 517 dium
233 451 286 519 est
312 443 446 538 angelis
472 442 539 516 Dei
565 464 670 542 super
694 468 765 522 nno
793 458 979 545 peccatore
1011 451 1254 545 poenitentiam
1283 464 1419 548 agenta

104 557 170 632 Qua
183 556 261 617 dicta
276 555 364 618 trahit
379 556 479 634 illum,
500 575 587 637 quem
601 574 686 620 manu
700 568 801 638 tenet,
820 569 850 622 ct
862 558 914 621 ille
926 560 1003 621 alios
1017 558 1129 623 ducens
1147 579 1200 622 eos
1213 580 1305 643 usque
1318 565 1356 627 ad
1367 567 1420 629 isl-

104 657 261 721 distorinnr
273 660 303 720 in
317 657 416 721 medio
433 659 583 721 ecclesiae
595 670 736 740 paratum.
763 644 800 722 Εἰ
815 661 856 723 ibi
870 679 1032 724 conversus
1047 660 1084 723 ad
1097 662 1175 723 illius
1189 681 1286 740 genua
1301 665 1420 745 dector-

103 768 150 823 tes
169 760 290 824 inchoat
306 760 523 841 Antiphonem:
542 751 686 849 Oportet
706 763 740 825 te
760 753 807 826 dli
829 755 983 847 gaudere
1005 756 1083 849 quia
1103 755 1210 827 frater
1232 764 1310 831 tuus
1330 779 1421 832 mot·

102 861 184 925 tuus
205 850 319 925 fuerat
340 863 374 925 et
399 856 547 925 revixit:
568 858 721 949 perierat
743 866 777 927 et
798 859 958 930 inventus
981 867 1043 931 est.
1359 861 1365 875 '

207 963 272 1040 Qua
292 963 369 1026 diota
393 964 463 1027 dicit
484 966 513 1027 in
527 965 643 1028 modum
658 966 820 1031 Orationis:
852 957 1074 1055 Omnipotens
1096 958 1192 1032 Dens
1213 980 1281 1032 vos
1307 959 1421 1034 ubsol-

103 1064 162 1153 vat
182 1054 225 1128 alr
248 1059 341 1128 omni
360 1056 500 1130 vinculo
520 1069 753 1155 peccatorum,
771 1072 809 1135 ut
828 1059 982 1135 habeatis
1001 1064 1106 1135 vitam
1121 1069 1155 1132 et
1168 1063 1304 1135 vivatis.
1343 1061 1418 1135 Per.

206 1167 321 1230 Deinde
345 1169 415 1231 dicit
427 1187 519 1250 super
537 1170 606 1233 illos
619 1188 696 1235 socc
708 1173 850 1235 mediocri
866 1173 1185 1237 lanol'raeiationem:
1213 1163 1281 1235 Per
1308 1164 1420 1237 omnia

101 1261 243 1332 saecula
262 1271 328 1332 sto.
353 1289 447 1352 usqae
470 1271 506 1334 ιι
531 1261 664 1338 Gratias
694 1288 835 1359 agamus
856 1265 1004 1339 Domino
1026 1266 1104 1337 Deo
1127 1275 1247 1340 nostro
1271 1282 1301 1336 ut
1321 1293 1351 1355 p.
1368 1269 1419 1335 ts.

203 1361 297 1434 Vere
312 1362 451 1457 dignum
465 1373 500 1435 et
513 1367 637 1437 iustum
651 1377 721 1458 est,
747 1390 894 1463 aequum
909 1378 943 1439 et
955 1369 1106 1444 salutare
1120 1389 1185 1441 nos
1203 1365 1263 1434 tibi
1282 1386 1420 1460 semper

99 1471 135 1534 et
155 1461 282 1558 ubique
306 1468 433 1555 gratias
452 1488 573 1558 agere,
590 1467 737 1540 Domine
759 1479 898 1557 sancte,
912 1471 1016 1542 Pater
1036 1472 1263 1557 omnipotens,
1277 1476 1419 1539 aeterne

97 1561 199 1637 Deus
212 1587 275 1659 per
292 1564 462 1637 Christum
469 1567 650 1639 Dominum
670 1580 833 1643 nostrum.
862 1569 972 1645 Quem
985 1564 1200 1656 omnipotens
1214 1569 1350 1656 genitor
1368 1570 1417 1637 in·

94 1664 284 1759 effabiliter
297 1668 392 1739 nasci
407 1668 561 1756 voluisti,
574 1679 612 1740 ιιι
625 1669 772 1739 debitum
782 1659 884 1732 Adae
898 1661 958 1733 tibi
972 1663 1191 1757 persolveret
1204 1667 1418 1739 aeternol‘a·

91 1769 166 1853 tri,
193 1775 407 1861 mortemque
425 1778 576 1842 nostram
598 1783 661 1837 sua
679 1761 908 1851 interficeret,
923 1763 1070 1834 vulnera
1082 1774 1201 1837 nostra
1214 1766 1249 1834 in
1263 1787 1327 1837 suo
1341 1787 1419 1837 cor-

89 1887 188 1963 pore
209 1866 330 1957 ferret,
352 1878 556 1957 nostrasque
569 1862 720 1935 maculas
733 1865 901 1955 sanguine
914 1886 978 1937 suo
994 1863 1153 1953 dilueret,
1168 1875 1205 1936 nt
1220 1869 1277 1960 qui
1290 1869 1419 1962 antiqui

91 1965 209 2040 nostis
228 1984 469 2039 corrueremus
481 1963 609 2036 invidia
623 1973 658 2034 et
670 1965 778 2059 ipsius
793 1986 1057 2058 resurgeremus
1071 1967 1261 2038 clementia.
1290 1965 1341 2039 Te
1355 1991 1418 2064 per

95 2089 192 2157 enm,
212 2069 371 2153 Meamne,
392 2065 568 2160 supplices
581 2086 746 2157 rogamus
759 2086 802 2136 ac
813 2069 960 2160 petimus
974 2078 1010 2139 ut
1022 2088 1086 2162 pro
1103 2069 1249 2141 aliorum
1263 2071 1417 2144 excessi·

92 2168 162 2243 ltus
175 2189 240 2240 nos
254 2166 406 2258 digneris
420 2165 598 2255 exaudire,
612 2169 669 2261 qni
681 2189 744 2263 pro
758 2169 884 2242 nostris
898 2190 968 2240 non
980 2167 1167 2243 sufficimus
1181 2192 1341 2242 exorare.
1363 2169 1416 2243 Tu

95 2273 202 2363 igitur
223 2269 488 2341 clementissime
513 2268 674 2358 Domino,
699 2268 764 2342 hos
785 2269 933 2343 famulos
953 2281 1032 2344 tuos
1056 2293 1144 2365 quos
1166 2295 1186 2342 a
1212 2281 1248 2344 te
1275 2293 1415 2367 separa·

96 2368 368 2462 ueruntflagitia
389 2370 433 2441 ad
454 2380 488 2442 te
509 2392 640 2442 revoca
659 2372 785 2465 pietate
806 2372 926 2444 solitsi
967 2372 1020 2442 Tu
1042 2394 1188 2466 namque
1206 2395 1273 2443 nec
1291 2373 1414 2446 Achab
1447 2407 1451 2419 ·

97 2472 335 2563 scelestissimi
360 2471 626 2545 humiliationem
649 2470 850 2567 despexisti,
876 2472 939 2546 sed
962 2471 1146 2546 vindictam
1169 2472 1316 2544 debitam
1334 2494 1415 2568 pro·

97 2575 221 2647 telesti.
275 2574 414 2646 Petrum
436 2595 574 2670 quoque
600 2574 832 2645 lacrimantem
859 2575 1029 2647 exaudisti
1054 2575 1241 2669 clavesque
1264 2583 1415 2669 postmo-

99 2676 178 2747 dnm
200 2676 365 2748 coelestis
388 2679 489 2769 regni
514 2677 579 2772 ipsi
600 2675 767 2749 tradidisti
788 2685 824 2749 et
843 2675 1016 2749 confitenti
1042 2676 1167 2748 latroni
1188 2678 1289 2768 regni
1315 2697 1416 2771 prae·

96 2780 166 2849 mia
190 2779 384 2874 promisisti.
429 2778 539 2871 Ergo,
563 2778 828 2851 clementissime
843 2778 1002 2867 Domine,
1023 2777 1086 2852 hos
1108 2799 1172 2872 pro
1195 2776 1315 2872 quihus
1336 2799 1412 2872 pre-

98 2902 159 2956 ces
177 2880 237 2953 tibi
254 2879 438 2970 fundimus„
459 2880 610 2953 clemens
626 2881 795 2974 recollige
813 2891 849 2952 et
866 2889 945 2952 tuas
959 2881 1130 2953 ecclesiae
1144 2882 1277 2972 gremio
1292 2878 1414 2968 redde,

96 2992 136 3054 ut
154 3003 369 3076 nequaquam
391 2982 435 3053 de
460 2985 501 3056 iis
522 2983 639 3055 valeat
662 2982 872 3078 triumphare
895 2982 1022 3070 hostis,
1049 2981 1112 3055 sed
1134 2980 1194 3054 tihi
1213 2980 1414 3053 reconciliet

96 3082 190 3158 iilius
211 3082 271 3155 tini
292 3084 504 3178 coaequalis,
530 3083 757 3177 emundatque
780 3106 843 3157 eos
861 3083 903 3154 ab
927 3085 1019 3155 omni
1036 3083 1192 3154 facinore
1214 3092 1248 3153 et
1272 3082 1316 3152 ad
1334 3090 1413 3155 tuae

96 3186 349 3259 sacratissimae
371 3206 503 3257 coenae
525 3184 631 3281 dapes
653 3185 812 3277 dignetur
833 3184 1020 3257 admittere.
1074 3182 1202 3278 Sieque
1223 3206 1285 3258 sua
1309 3204 1414 3255 carne

96 3289 325 3380 et·sanguiue
344 3288 487 3376 reliciat,
510 3296 546 3359 nt
566 3296 644 3381 post
664 3285 763 3361 huius
780 3289 873 3359 vitae
896 3294 1034 3359 cursum
1056 3284 1099 3356 ad
1119 3286 1283 3359 coelestia
1303 3304 1414 3376 regna

97 3388 273 3485 perducat.
328 3399 415 3474 Quod
436 3400 570 3479 sequitur
584 3396 655 3459 dicit
668 3397 742 3459 olam
756 3396 885 3476 legendo
919 3387 1017 3463 lesus
1041 3386 1196 3462 Christus
1222 3386 1311 3460 filius
1333 3394 1413 3459 tuns

96 3490 265 3565 Dominus
283 3502 411 3565 noster.
466 3489 532 3575 Qui
552 3499 665 3562 tecum
691 3493 778 3562 vivit
799 3499 834 3562 et
858 3499 983 3583 regnat
1000 3492 1035 3562 in
1051 3492 1178 3562 unitate
1201 3499 1264 3560 etc.

199 3602 391 3667 Praelatione
410 3604 491 3665 linita
504 3603 536 3664 P.
551 3621 641 3681 super
655 3602 850 3665 faldistorium
865 3610 895 3664 et
908 3603 1031 3663 ministri
1045 3620 1136 3683 super
1148 3601 1256 3680 tapetia
1271 3606 1302 3658 et
1315 3596 1412 3659 clerus
1517 3590 1522 3599 '

92 3717 122 3768 et
143 3704 278 3787 populns
299 3705 335 3767 ad
356 3715 464 3766 terram
484 3713 713 3785 prosternuntur
727 3713 757 3766 et
772 3704 882 3767 Cantor
895 3704 1015 3767 inclroat
1029 3705 1136 3767 Scirola
1149 3706 1352 3780 prosequente
1365 3714 1411 3756 se·

89 3816 237 3890 quantem
256 3807 470 3888 Antiphonem:
494 3795 563 3869 Cor
576 3797 737 3870 mnndum
751 3820 831 3869 crea
843 3801 879 3869 in
891 3820 947 3869 me
958 3798 1054 3873 Deus
1068 3807 1101 3865 ot
1113 3795 1267 3887 spiritum
1280 3797 1412 3861 rectum

89 3901 226 3975 innova
253 3901 289 3973 in
309 3898 501 3973 visceribus
521 3902 615 3974 meis.
658 3899 780 3973 Psalm.
821 3899 990 3974 Miserere
1011 3897 1077 3969 mei
1096 3891 1193 3967 Deus
1212 3889 1409 3967 secundum.

89 4000 221 4076 Psalm.
243 4000 412 4074 Miserere
435 4004 501 4073 mei
528 4000 623 4075 Deus
645 4004 803 4095 quoniam
823 3999 1045 4075 conculcavit.
1092 3994 1216 4067 Psalm.
1243 3990 1412 4065 Miserere

89 4106 163 4176 mei
189 4102 287 4177 Deus
306 4105 474 4176 miserere
494 4106 574 4174 mei.
618 4111 732 4186 Quibus
746 4111 832 4173 dictis
845 4112 878 4173 P.
894 4112 931 4172 ab
946 4106 1081 4172 accubitu
1094 4122 1223 4181 surgens
1237 4103 1310 4166 dicit
1321 4119 1413 4183 super

89 4216 303 4297 poenitentes:
332 4204 440 4300 llyrie
464 4206 607 4277 elersen.
655 4201 789 4277 Christe
810 4204 952 4276 elelson.
995 4198 1103 4294 Kyrie
1123 4196 1267 4270 eleison.
1308 4195 1412 4267 Pater

89 4317 225 4381 noster.
275 4307 422 4379 Domine
451 4329 520 4379 non
548 4305 735 4380 secundum
760 4315 901 4403 peccata
927 4310 1044 4373 nostra
1069 4298 1177 4372 iacias
1203 4298 1312 4371 nohis.
1366 4298 1409 4387 lp.

90 4403 218 4504 Neque
245 4409 432 4484 secundum
461 4410 654 4504 iniquitates
684 4419 819 4483 nostras
839 4402 1012 4478 'retribuas
1038 4400 1148 4476 nobis.
1191 4400 1340 4472 Domine
1365 4420 1410 4470 ne

90 4513 293 4585 memineris
318 4513 528 4607 iniquitatum
553 4522 748 4587 nostrarum
774 4511 995 4603 antiquarum.
1046 4510 1089 4597 lle
1123 4499 1198 4577 ciro
1226 4505 1410 4598 anticipent
