3046 4942
103 517 223 581 semper
243 517 333 580 saper
356 514 421 560 eum
441 497 561 577 signum
579 498 684 559 crucis.
720 495 802 559 Idem
819 495 921 558 dlcunt
940 505 971 559 et
983 495 1094 559 indunt
1105 493 1254 576 Episcopi
1266 503 1296 555 et
1308 496 1396 575 parati,

103 601 256 681 genuflexi
275 591 372 663 tamen
392 608 608 681 permanentes.
643 600 715 676 Quo
736 595 815 661 dicto
830 598 1076 681 Metropolitanus¹
1088 599 1218 660 reditad
1239 597 1396 673 accubitus,

105 703 274 766 cantoribus
289 704 503 765 resumentibus
513 702 773 785 etperllcientibus
783 702 920 765 Litanias.
947 700 1396 782 QuibusiinitisMetropolitanu

103 807 238 885 deposita
254 808 339 868 mitra
353 808 464 885 surgit,
479 806 531 868 illu
545 814 694 887 prostrato
707 814 795 884 atque
808 803 983 885 Episcopi,
998 804 1134 887 deposita
1147 805 1236 865 mitra
1249 804 1395 882 genuderis

103 907 671 977 manentibusrersusadcoronandum
685 907 772 969 dicit:
800 897 901 969 Palea·
921 907 1049 972 noster.
1090 896 1136 969 Et
1161 919 1208 970 ne
1230 919 1300 969 nos.
1334 896 1392 968 Sed

103 1001 221 1074 libera.
264 999 408 1075 Salvum
424 1000 481 1073 lac
507 1024 655 1074 servum.
701 1000 796 1072 Deus
818 1016 924 1072 meus.
968 998 1052 1074 Esto
1076 1002 1109 1071 ci
1123 1000 1281 1071 vDomine
1300 1004 1390 1071 turris.

102 1103 138 1175 A
158 1102 256 1176 fecie.
297 1102 388 1175 Nihil
408 1102 571 1199 proficiat.
615 1099 660 1175 Et
681 1102 769 1176 lilius
789 1105 980 1197 miquitatis.
1024 1102 1173 1175 Domine
1195 1102 1328 1174 exaudi.
1362 1100 1392 1170 llt

103 1206 246 1278 clamore
287 1206 454 1279 Dominus
475 1207 663 1279 vobiscum.
690 1205 755 1289 ¹llt
776 1227 861 1277 curn.
985 1232 988 1266 :

207 1306 372 1382 Oremus.⁴
405 1307 596 1384 Praetende
622 1308 767 1380 Domine
784 1308 866 1384 ,buic
889 1306 1020 1379 ibmulo
1044 1317 1104 1378 tuo
1132 1307 1310 1378 dextoram
1331 1325 1391 1374 coe-

105 1409 200 1482 lestis
227 1412 360 1496 auxilii,
393 1420 431 1482 nt
455 1421 490 1482 te
515 1420 587 1482 toto
616 1411 720 1482 corde
746 1413 920 1506 perquirat
947 1420 982 1481 et
1008 1430 1102 1506 quae:
1122 1410 1229 1502 digne
1254 1406 1391 1505 postulat,

104 1515 269 1607 consequi
292 1524 472 1584 mereatur.

205 1615 373 1688 Actiones
406 1626 541 1689 nostras
571 1635 795 1710 quaesumus
803 1613 949 1685 Domine
979 1613 1161 1709 aspirando
1188 1613 1393 1708 praeveniet

104 1715 297 1789 adiuvando
315 1736 540 1812 prosequere,
558 1728 595 1788 ut
612 1725 734 1789 cuncta
751 1727 867 1790 nostra
886 1719 995 1789 oratio
1013 1725 1047 1786 et
1065 1718 1223 1812 operatio
1241 1738 1262 1786 a
1279 1725 1312 1786 te
1326 1733 1394 1785 sen·

105 1841 168 1914 per
194 1821 333 1914 incipiet
355 1831 389 1892 et
408 1840 470 1916 per
493 1829 527 1890 te
550 1829 672 1915 coepta
692 1818 834 1891 liniatur
881 1823 923 1919 ib
952 1817 1074 1890 Amen.

205 1929 277 1992 l’ost
292 1930 365 1992 baec
377 1931 623 2012 Metropolitanus
637 1931 738 2010 sedet,
763 1930 870 2012 accipit
885 1932 997 1993 mitram
1011 1939 1040 1991 et
1054 1930 1168 1990 electus
1184 1927 1248 1990 ilex
1263 1945 1355 1989 coram
1367 1943 1395 1984 ιο

105 2030 279 2110 genuflectit
293 2040 324 2095 et
338 2035 610 2096 circumastantibus
627 2034 768 2095 Praelatio
782 2035 910 2114 paratis,
925 2052 989 2095 cum
1002 2034 1064 2093 sais
1078 2033 1197 2094 uitria'
1188 2050 1217 2092 ιιι
1231 2030 1345 2092 modurn
1358 2046 1396 2086 co·

104 2153 213 2214 rouae,
227 2135 495 2217 Metropolitanus
487 2137 604 2214 intingit
620 2135 758 2217 pollicem
771 2135 895 2197 dextrae
909 2153 1010 2197 manus
1025 2136 1053 2195 in
1068 2134 1166 2196 oleum
1180 2131 1396 2196 Catecbrmeno-

24 2284 27 2292 ,
105 2254 169 2296 rum
182 2245 212 2298 et
229 2239 345 2317 inungit
358 2240 386 2299 iu
402 2237 517 2300 modurn
533 2239 628 2300 crucis
642 2238 720 2299 illius
734 2237 882 2299 brachium
899 2237 1072 2316 dexterum,
1087 2238 1164 2299 inter
1175 2237 1331 2297 iuncturam
1344 2250 1394 2292 ma·

106 2356 161 2399 uus
175 2346 206 2398 et
219 2339 380 2401 iuncturam
394 2340 485 2401 cubiti
500 2349 587 2421 etque
601 2341 679 2401 inter
693 2341 828 2422 scapulas
842 2339 943 2401 dicens
959 2341 1034 2401 banc
1047 2341 1222 2402 orationem:

207 2430 303 2504 Deus
321 2431 394 2513 ,Dei
421 2432 508 2506 lilius
535 2432 631 2507 lesus
661 2432 815 2507 Christus
839 2432 1004 2506 Dominus
1031 2443 1150 2505 noster
1181 2434 1237 2527 qui
1263 2451 1283 2500 a
1307 2427 1397 2499 Patre

4 2626 7 2631 Ι
106 2534 188 2606 oleo
216 2533 434 2605 exultationis
452 2546 575 2607 unctus
594 2546 659 2626 est,
682 2559 765 2632 prae
785 2536 1003 2632 participibus
1024 2538 1113 2609 suis:
1136 2537 1292 2631 ipseper
1313 2550 1398 2627 prae

107 2646 259 2724 sentem,
293 2644 432 2707 sauctae
456 2640 625 2711 amotionis
651 2635 863 2711 inlusionem‘
880 2639 1024 2733 Spiritus
1046 2637 1207 2710 Parucliti
1231 2658 1334 2731 super
1353 2655 1399 2702 ca-

106 2748 167 2834 put
191 2748 285 2807 tuum
306 2735 612 2827 bene-idioticam
634 2740 794 2826 infundat,
821 2741 1033 2835 eandemque
1059 2758 1167 2834 usquc
1191 2738 1235 2810 ad
1253 2739 1399 2809 interiora

107 2839 222 2911 cordis
244 2840 292 2909 tui
311 2845 495 2932 penetrare
519 2836 636 2923 leoiat3
668 2851 832 2932 quatenus
854 2842 921 2914 hoc
940 2841 1065 2916 visibili
1087 2852 1122 2912 et
1138 2840 1314 2913 tractabili
1332 2838 1400 2909 oleo

108 2940 197 3012 dona
219 2938 402 3010 inuisibilia
424 2941 605 3033 percipere
624 2950 658 3011 et
678 2944 855 3036 temporali
874 2965 985 3038 reguo
1004 2946 1102 3018 iustis
1122 2940 1402 3016 moderationibus

108 3052 256 3115 exacuto
280 3041 498 3114 aeternaliter
517 3063 594 3112 cum
614 3063 657 3112 eo
678 3063 823 3134 regnare
845 3048 1100 3141 merearis,›qrri
1120 3045 1220 3121 solus
1240 3048 1314 3118 siue
1335 3064 1403 3139 pec·

3 3158 6 3163 ’
108 3154 186 3216 cato
209 3144 287 3217 Rex
312 3166 435 3236 regum
462 3146 551 3217 vivit
579 3153 613 3214 et
632 3144 797 3236 gloriatur
819 3168 895 3219 cum
914 3149 991 3221 Deo
1010 3149 1143 3222 Patre
1133 3164 1169 3219 ut
1192 3151 1321 3239 unitate
1336 3145 1404 3240 Spi

108 3249 194 3320 ritus
216 3245 463 3335 sonorosus,
490 3269 554 3342 per
581 3249 701 3318 omnia.

211 3348 367 3423 Oremus.
408 3348 629 3443 Omnipotens
646 3351 853 3443 sempiterne
869 3349 977 3442 Deus,
1000 3355 1056 3448 qul
1071 3282 1206 3424 drahel
1227 3361 1332 3447 super
1348 3346 1404 3442 Sy

108 3453 193 3528 riam
214 3461 249 3523 et
270 3449 354 3521 lebu
376 3473 480 3547 super
502 3451 609 3524 lsrael
630 3473 693 3546 per
708 3449 831 3542 Elium
852 3453 964 3526 David
985 3476 1120 3549 quoque
1141 3465 1177 3527 et
1193 3451 1337 3526 Saulem
1352 3473 1405 3547 per

109 3553 306 3629 Samuelem
331 3553 566 3648 prophetam
557 3573 591 3625 ιιι
617 3553 735 3648 Reges
761 3557 879 3647 inungi
903 3556 1031 3643 iecisti,
1063 3557 1174 3631 tribue
1196 3575 1402 3652 quaesumus,

110 3657 264 3731 manibus
294 3658 421 3729 nostris
451 3676 550 3751 opem
580 3666 658 3727 tuae
687 3655 935 3731 benedictionis
965 3667 999 3729 et
1026 3657 1103 3730 huic
1130 3658 1264 3730 famulo
1288 3667 1341 3728 tuo
1364 3652 1399 3725 ll.

110 3758 226 3855 quem
240 3758 359 3847 bodie,
392 3758 473 3829 licet
494 3757 642 3849 indigni,
675 3761 709 3829 in
737 3759 869 3852 Regem
900 3782 999 3834 sacra
1031 3765 1190 3836 unctione
1225 3760 1401 3842 delinimus,

1 3857 16 3878 “
111 3862 244 3956 dignam
269 3860 487 3934 delibutionis
513 3859 612 3932 buius
639 3859 822 3933 efficaciam
850 3872 885 3934 et
910 3866 1069 3955 virtutem
1096 3865 1267 3953 concede,
1287 3862 1403 3934 cousti-

110 3974 181 4055 tue‚
200 3964 359 4053 Domine,
378 3965 601 4059 principatum
619 3982 730 4058 ‚super
748 3964 924 4037 humerum
946 3969 1032 4055 eius,
1054 3977 1091 4038 ut
1112 3970 1153 4040 sit
1175 3966 1290 4054 fortis
1306 3968 1403 4037 iustus

110 4064 234 4156 tidelis,
259 4065 438 4162 providus,
461 4075 494 4137 et
515 4064 708 4138 indefessus
729 4071 829 4160 regni
850 4068 961 4158 buius,
983 4078 1018 4140 et
1039 4069 1155 4165 populi
1177 4072 1229 4140 tui
1249 4066 1404 4162 gaberna-

111 4175 179 4256 tor,
198 4167 382 4241 infidelium
405 4178 634 4265 expugnator,
655 4171 801 4242 iustitiae
825 4172 948 4261 cultor,
966 4174 1161 4244 meritorum
1180 4181 1217 4243 et
1235 4171 1404 4242 demerito

111 4288 187 4340 rum
212 4280 460 4362 remunerator,
485 4269 665 4343 Ecclesiae
692 4281 769 4344 tuae
796 4285 935 4346 sanctae
962 4285 996 4345 et
1020 4273 1099 4345 fidei
1123 4272 1338 4346 Christianae
1359 4270 1404 4342 de

112 4369 242 4461 teneor,
270 4373 440 4447 addeum
462 4384 496 4446 ct
515 4373 649 4445 laudem
667 4376 716 4445 tui
736 4378 881 4449 nominis
903 4376 1055 4468 gloriosi.
1100 4376 1167 4450 Per
1189 4375 1292 4448 Dom.

215 4482 279 4556 Quo
293 4484 372 4546 tacto
386 4483 628 4567 Metropolitanus
641 4484 719 4546 lavat
732 4494 763 4549 et
775 4487 920 4566 abstergit
936 4504 1038 4549 manns
1051 4490 1148 4567 surgit
1160 4506 1226 4550 cum
1240 4491 1339 4567 mitra,
1351 4485 1404 4547 dee

111 4579 212 4648 cendit
231 4593 299 4646 ante
320 4585 412 4648 altare
428 4585 477 4648 ubi
490 4586 625 4670 deposita
637 4590 737 4670 mitra,
759 4597 840 4654 staua
855 4609 920 4654 cnm
933 4591 994 4654 suia
1006 4589 1147 4655 ministris
1158 4591 1231 4655 lauit
1243 4588 1405 4654 Goaiaasio
