3046 4942
695 386 697 391 .
733 333 809 404 310
1063 404 1068 425 ,
1455 346 1457 439 5

115 529 259 613 spiritalis
282 525 427 588 medendo
449 527 643 607 nequitiarum
667 526 852 605 putredinem
867 529 992 588 interius
1006 525 1178 587 latitantem.
1187 513 1219 601 ¹)
1253 516 1419 587 littorei·-
1455 530 1457 567 ;

116 633 218 715 primis
233 632 342 692 iaciant
355 627 535 690 Sacerdotes
550 629 669 708 aspergi
684 627 774 687 salem
790 638 820 689 et
834 646 935 709 aquam
950 627 1136 690 benedictam
1150 635 1182 689 ει
1195 637 1358 708 aspergant
1369 644 1420 688 ει

117 755 182 797 cum
196 733 380 813 Antiphone:
399 730 552 811 aspergas
565 749 611 790 me
626 730 763 805 Domine,
779 729 923 791 Miserere
937 734 993 790 mei
1008 731 1100 791 Deus.
1110 718 1145 816 Ξ)
1455 806 1457 811 ¹

220 826 365 896 Domine
386 823 495 911 Deus„
517 826 574 916 qui
594 843 656 918 per
671 822 877 916 Apostolum
897 832 991 893 tuum
1011 823 1145 894 loeutus
1162 844 1224 895 es:
1247 821 1422 893 lnlirmatur

118 933 193 1024 quis
221 932 254 997 iu
274 925 403 998 vobis?
446 923 588 995 inducat
609 922 834 1018 presbyteros
857 925 1029 996 ecclesiae
1052 934 1087 995 ει
1109 935 1341 1020 orentsuper
1358 944 1421 995 ern

116 1041 287 1123 ungentes
307 1050 385 1099 eum
408 1026 487 1098 oleo
510 1035 629 1099 saneto
651 1029 684 1095 in
702 1029 840 1095 nomino
857 1024 1014 1097 Domini:
1038 1037 1072 1097 et
1091 1029 1202 1099 oratio
1224 1027 1307 1096 lidei
1326 1026 1421 1097 salva

117 1132 165 1205 bit
187 1131 353 1202 inlirmum
377 1138 411 1200 ει
430 1128 594 1199 allevabit
621 1148 697 1196 eum
719 1127 886 1198 Dominus
911 1138 946 1199 et
968 1131 997 1201 si
1019 1131 1053 1197 in
1078 1132 1233 1224 puocatis
1256 1138 1311 1199 est
1331 1127 1420 1198 dimit-

115 1244 229 1305 tentur
253 1234 293 1302 ei.
339 1229 429 1302 Cura
453 1250 659 1324 quaesumus
681 1227 892 1323 Redemptor
913 1238 1032 1301 noster
1052 1233 1161 1321 gnatia
1183 1230 1334 1326 Spiritus
1351 1228 1421 1301 saa

116 1337 162 1406 eti
193 1334 382 1424 languores
415 1333 514 1421 istius
546 1329 668 1400 iulirmi
702 1340 736 1400 ει
768 1353 829 1403 sua
857 1353 940 1402 sana
965 1331 1111 1402 uulnera
1133 1333 1283 1426 eiusque
1310 1330 1420 1402 dimitte

115 1445 258 1532 peccata
281 1444 383 1528 atque
411 1416 551 1504 dolores
578 1441 721 1504 cunctos
744 1432 858 1503 cordis
887 1443 920 1503 et
943 1436 1100 1526 eorporis
1123 1434 1267 1528 expelle
1286 1435 1420 1527 plenam
1454 1476 1457 1505 ÷

115 1559 183 1632 quo
205 1538 237 1606 ei
263 1538 407 1606 interius
428 1537 650 1627 exteriusque
674 1536 851 1606 sanitatem
873 1534 1141 1606 misericorditer
1168 1533 1280 1605 redde
1307 1543 1343 1606 ut
1365 1512 1457 1629 ope'

114 1636 373 1710 misericordiae
401 1645 480 1707 tuae
508 1639 685 1707 restitutus
715 1646 748 1706 et
781 1646 920 1709 sanatus
952 1635 995 1706 ad
1021 1638 1165 1728 pristinu
1192 1639 1330 1730 pietatis
1354 1646 1418 1706 tuae

114 1748 294 1836 reparetur
318 1737 440 1809 officia.
485 1735 603 1833 Per.⁸)

216 1849 254 1910 Et
270 1850 315 1910 sio
329 1849 428 1910 ilectat
442 1867 539 1926 penna
552 1867 605 1909 sua
624 1849 673 1928 qui
689 1858 735 1910 est
748 1847 903 1925 languidus
920 1857 949 1909 et
963 1857 1022 1909 stet
1040 1848 1075 1910 ad
1093 1849 1247 1910 dexteram
1263 1847 1417 1911 Sacerdotis

117 1960 147 2013 et
174 1960 308 2012 cantetur
328 1951 402 2011 lraec
421 1950 607 2031 Antiphone:
636 1939 726 2014 Sana
748 1941 895 2012 Domine
918 1940 1084 2012 infirmum
1103 1945 1205 2013 isium
1228 1945 1327 2014 ouius
1352 1962 1417 2013 ossi

114 2042 316 2114 conturbata
338 2051 416 2115 sunt
436 2062 493 2113 cta.
536 2042 683 2113 Domine
705 2065 748 2111 ne
769 2045 804 2112 in
825 2042 944 2115 imore
964 2054 1022 2114 tuo
1044 2065 1172 2136 arguas
1194 2065 1253 2113 me
1274 2041 1378 2140 etc.⁴)
1455 2032 1457 2057 '

219 2142 363 2213 Oremus
383 2143 565 2213 Dominum
584 2152 739 2214 nostrum
759 2142 872 2214 lesum
895 2142 1065 2215 Christum
1087 2155 1121 2216 et
1141 2167 1219 2219 cum
1244 2148 1336 2216 omni
1353 2166 1417 2240 sup·

112 2243 298 2339 plicatione
320 2264 484 2336 rogemus
511 2254 549 2314 ut
569 2244 659 2314 huno
680 2242 843 2316 famulum
866 2267 965 2318 suum
991 2245 1042 2316 lll.
1067 2269 1130 2341 per
1154 2248 1333 2339 Angelum
1353 2266 1418 2321 suu·

113 2356 204 2417 ctum
229 2368 329 2419 suum
355 2346 508 2434 visitare,
535 2345 722 2417 laetificare
749 2352 793 2425 et,
806 2345 1003 2418 confortare
1027 2347 1194 2440 dignetur.
1204 2347 1239 2445 ⁶)

135 2487 145 2502 ι
217 2449 384 2521 Dominus
405 2448 541 2521 loeutus
568 2459 620 2520 ειι
642 2446 885 2542 condiscipulis
909 2451 1000 2521 suist
1026 2446 1224 2521 innomine
1247 2472 1327 2522 meo
1350 2451 1419 2522 dae·

112 2553 225 2622 monia
260 2554 373 2621 eiicite
401 2561 436 2621 ει
467 2553 572 2645 supei
601 2548 753 2627 infirmos
780 2571 899 2621 manus
924 2558 1061 2623 vestras
1086 2554 1252 2647 ἰιιιριιιιὶιε
1275 2562 1311 2624 et
1339 2553 1419 2626 bene

112 2651 294 2725 habebunt.
343 2651 439 2736 Deus
465 2650 617 2723 Deorum
647 2661 802 2738 imponant
827 2678 928 2720 manus
954 2678 1046 2740 super
1071 2660 1220 2724 lutirmuru
1247 2681 1351 2725 omnes
1381 2680 1419 2724 su·

113 2761 277 2838 cerdotes,
313 2760 435 2821 iubente
468 2760 516 2820 vel
548 2769 658 2821 tantum
694 2761 887 2839 permittente
916 2761 1066 2844 Episcopo
1102 2766 1169 2844 quia
1196 2766 1352 2826 muouicus
1381 2767 1420 2826 sic

112 2861 201 2923 docet
228 2848 354 2947 ordo.⁶)
401 2850 498 2924 Deus
534 2855 691 2946 quinon
726 2853 781 2924 vis
815 2863 962 2925 mortem
988 2866 1209 2951 peccatorum
1237 2864 1301 2929 ete.
1353 2858 1417 2929 Au·

113 3012 324 3027 -—-—-

172 3070 204 3149 1)
218 3074 276 3129 liat
287 3073 366 3129 Dicat
380 3071 518 3129 Sacerdos
533 3069 568 3126 ad
579 3071 727 3128 lnllrmum:
748 3072 817 3138 Quid
830 3089 873 3129 mo
886 3075 1027 3132 advocasti
1044 3073 1154 3132 tratsrt
1183 3074 1236 3134 llle
1254 3076 1306 3135 ait:
1322 3084 1351 3135 ιιι
1363 3075 1416 3133 mu

112 3156 267 3213 unctionem
284 3157 385 3216 trudas.
413 3157 484 3214 Dicit
500 3157 637 3213 Sacerdos
648 3156 681 3212 ad
698 3174 772 3213 eum:
795 3158 885 3214 Donet
898 3160 946 3215 tibi
960 3161 1090 3216 Dominus
1105 3167 1200 3217 noster
1213 3158 1292 3220 lesus
1307 3162 1416 3219 cbristus

111 3257 204 3297 veram
220 3243 380 3314 facilemque
401 3243 571 3298 unctionem:
596 3250 684 3298 tamen
696 3241 719 3298 si
732 3248 759 3297 te
771 3244 924 3314 respexerit
935 3251 963 3300 et
974 3245 1113 3301 sanaverit
1124 3246 1212 3316 Deus,
1237 3247 1378 3305 custodies
1389 3245 1416 3302 d·

110 3323 189 3381 lumi
221 3327 395 3399 Respondet:
414 3325 579 3386 Custodiam.
602 3355 643 3368 -·
657 3324 787 3382 Similiter
802 3328 875 3382 taem.

173 3407 206 3487 2)
217 3410 274 3466 liat
287 3411 473 3472 liem‘lbeod.
485 3408 689 3482 praescribunt,
702 3417 730 3465 ut
740 3407 866 3483 infirmo,
877 3411 904 3466 in
916 3410 1009 3467 cilicio
1020 3411 1123 3484 posito,
1135 3412 1293 3485 imponatur
1304 3413 1370 3470 einis
1379 3411 1414 3469 tal

108 3496 138 3554 in
149 3503 264 3568 pectore
274 3495 320 3550 vel
331 3496 357 3550 in
373 3496 462 3566 capite
474 3495 563 3555 etiam,
596 3495 768 3565 Antiphouac
779 3502 832 3551 etc.
849 3496 919 3551 inter
933 3496 1002 3551 banc
1012 3497 1204 3554 caerimoniam
1215 3499 1367 3555 cantandae
1376 3513 1414 3552 m·

108 3581 189 3638 riant.
215 3578 319 3636 Theod.
331 3598 337 3634 :
351 3577 379 3634 lu
391 3579 494 3634 sudore
505 3580 595 3635 uultus
610 3579 648 3634 tui
663 3578 786 3635 vesceris
800 3596 871 3652 pane
884 3586 943 3648 tuo,
955 3578 1044 3635 donec
1058 3581 1208 3638 reuerteris
1222 3583 1252 3638 in
1267 3580 1413 3652 terrmdt

110 3683 161 3739 qua
174 3671 295 3737 sumptus
307 3680 347 3721 es.
373 3664 464 3719 Puluis
475 3680 506 3720 es
519 3670 546 3720 ει
557 3665 583 3718 ia
595 3663 735 3736 puluerem
750 3664 906 3720 reverteris.
931 3664 1084 3734 Sequuntur
1095 3666 1192 3737 psalmi
1203 3666 1412 3738 poenitentiales,

109 3750 253 3807 Donlessio
272 3747 387 3818 lullrmi,
406 3747 513 3820 prolixa
529 3747 639 3804 litania.
661 3749 797 3820 Asperaio
812 3765 898 3820 aquae
911 3748 1071 3805 benedictae
1081 3749 1151 3822 apud
1163 3752 1298 3822 plurimos
1309 3765 1412 3809 count

109 3843 239 3892 moretur.
264 3834 360 3890 llirum
377 3832 450 3904 quod
465 3833 539 3888 iubet
553 3831 674 3887 theou:-
686 3832 789 3888 Fundat
799 3831 935 3888 Sacerdos
950 3831 984 3887 de
997 3833 1061 3909 oleo
1072 3843 1182 3890 sacrato
1194 3835 1221 3890 in
1233 3853 1331 3909 aquam
1341 3837 1412 3893 beat·

109 3918 209 3975 dictam
221 3925 249 3974 et
262 3923 456 3992 spargentem,
469 3916 562 3972 dicens
573 3916 769 3988 Antiphonem:
785 3916 903 3973 Benedie
914 3916 1029 3974 Domine
1043 3917 1150 3974 ἀοιιιιιιι
1164 3919 1245 3976 mium
1260 3928 1313 3977 atra

167 4001 197 4079 3)
212 4002 286 4059 Ηιεε
301 4004 345 4059 vel
361 4001 455 4060 similis
471 4000 567 4057 Oratio
581 4001 701 4056 occurrit
715 4000 786 4073 apud
796 4002 838 4057 El.
850 4003 909 4060 liat.
922 4001 994 4058 Deru.

170 4081 203 4159 l)
215 4087 256 4142 El.
284 4088 319 4144 lit
335 4089 375 4145 sie
390 4087 481 4144 flectat
496 4102 569 4157 genu
584 4085 629 4141 uel
640 4101 730 4157 genua
744 4087 788 4158 qui
801 4094 844 4143 est
856 4086 999 4156 languidus
1022 4093 1049 4142 et
1059 4092 1115 4142 stet
1129 4085 1165 4141 ad
1176 4078 1321 4145 dexteram
1332 4100 1409 4145 secet·

105 4171 179 4230 dotis
191 4177 220 4226 et
236 4171 276 4227 sie
288 4172 448 4229 decantetur
462 4172 531 4227 baec
545 4171 699 4243 Antipbona
709 4190 716 4225 ι
727 4171 855 4227 Dominus
867 4174 972 4227 locutus
984 4176 1027 4226 est
1037 4169 1178 4242 discipulis
1189 4172 1249 4229 suis
1260 4181 1315 4230 ete
1331 4171 1410 4245 (etius

105 4256 131 4312 iu
144 4253 219 4329 liat.)
240 4256 413 4329 Antiphone:
423 4258 492 4315 Sana
504 4257 617 4312 Domine
629 4263 682 4313 ete.
700 4255 730 4311 lu
742 4255 802 4311 aliis
814 4255 976 4311 membranis
987 4255 1066 4311 alium
1079 4255 1168 4310 locum
1178 4261 1265 4313 ιειιει.
1286 4257 1409 4313 [trute-

105 4339 169 4396 duld
185 4341 250 4410 lege
261 4339 393 4412 Infirmus,
409 4342 431 4397 si
447 4341 602 4414 permiserit
615 4338 766 4407 infirmitas,
779 4339 871 4395 abluto
883 4354 1002 4410 corpore
1013 4339 1215 4397 olbia-vestibus
1226 4340 1347 4397 induitur
1356 4337 1407 4396 etit

105 4424 250 4479 ecclesiam
272 4422 442 4496 deportatur.
471 4423 503 4502 5)
517 4427 604 4482 liabet
617 4422 659 4480 El.
683 4422 715 4497 6)
727 4422 840 4479 Praeter
855 4423 983 4480 codicem
997 4423 1127 4495 'silianum
1141 4423 1284 4495 Eligienus
1295 4424 1406 4495 multique

104 4506 151 4565 ulii
169 4506 232 4562 libri
252 4507 365 4563 rituales
381 4510 481 4566 uetusti
499 4514 711 4567 commemorant
733 4506 826 4579 plures
844 4508 1014 4565 sacerdotes.
1048 4508 1118 4564 Olim
1138 4509 1210 4564 eninr
1224 4507 1404 4569 morisertttl

103 4598 210 4669 septem
224 4591 269 4647 vei
284 4590 381 4647 saltem
391 4591 484 4661 plures
494 4593 654 4651 sacerdotes
665 4591 800 4651 unctionis
814 4599 1010 4650 sacramentum
1024 4591 1255 4655 administrarent.

40 4908 128 4926 μ
