<?xml version="1.0" encoding="UTF-8"?>
<!DOCTYPE html PUBLIC "-//W3C//DTD XHTML 1.0 Transitional//EN"
    "http://www.w3.org/TR/xhtml1/DTD/xhtml1-transitional.dtd">
<html xmlns="http://www.w3.org/1999/xhtml" xml:lang="en" lang="en">
 <head>
  <title>
</title>
<meta http-equiv="Content-Type" content="text/html;charset=utf-8" />
  <meta name='ocr-system' content='tesseract 3.04.00' />
  <meta name='ocr-capabilities' content='ocr_page ocr_carea ocr_par ocr_line ocrx_word'/>
</head>
<body>
  <div class='ocr_page' id='page_1' title='image "./codexliturgicus03danigoog_0394.png"; bbox 0 0 3046 4942; ppageno 0'>
   <div class='ocr_carea' id='block_1_1' title="bbox 658 338 735 413">
    <p class='ocr_par' dir='ltr' id='par_1_1' title="bbox 658 338 735 413">
     <span class='ocr_line' id='line_1_1' title="bbox 658 338 735 413; baseline -0.026 0"><span class='ocrx_word' id='word_1_1' title='bbox 658 338 735 413; x_wconf 80' lang='lat' dir='ltr'><strong>ete</strong></span> 
     </span>
    </p>
   </div>
   <div class='ocr_carea' id='block_1_2' title="bbox 35 530 1368 1742">
    <p class='ocr_par' dir='ltr' id='par_1_2' title="bbox 35 530 1368 1742">
     <span class='ocr_line' id='line_1_2' title="bbox 144 530 1346 614; baseline 0.005 -20"><span class='ocrx_word' id='word_1_2' title='bbox 144 533 209 610; x_wconf 80' lang='lat' dir='ltr'><strong>Quo</strong></span> <span class='ocrx_word' id='word_1_3' title='bbox 223 530 303 595; x_wconf 90' lang='lat' dir='ltr'><strong>dicte</strong></span> <span class='ocrx_word' id='word_1_4' title='bbox 316 532 486 610; x_wconf 72' lang='lat' dir='ltr'><strong>Presbyteri</strong></span> <span class='ocrx_word' id='word_1_5' title='bbox 500 530 619 595; x_wconf 85' lang='lat' dir='ltr'><strong>eleuant</strong></span> <span class='ocrx_word' id='word_1_6' title='bbox 631 533 772 597; x_wconf 85' lang='lat' dir='ltr'><strong>teretrum</strong></span> <span class='ocrx_word' id='word_1_7' title='bbox 785 533 983 614; x_wconf 78' lang='lat' dir='ltr'><strong>Reliquinrun</strong></span> <span class='ocrx_word' id='word_1_8' title='bbox 997 542 1029 594; x_wconf 93' lang='lat' dir='ltr'><strong>et</strong></span> <span class='ocrx_word' id='word_1_9' title='bbox 1041 532 1233 611; x_wconf 74' lang='lat' dir='ltr'><strong>ingrediendo</strong></span> <span class='ocrx_word' id='word_1_10' title='bbox 1243 535 1346 599; x_wconf 79' lang='lat' dir='ltr'><strong>Eccle-</strong></span> 
     </span>
     <span class='ocr_line' id='line_1_3' title="bbox 38 632 1347 717; baseline 0.002 -19"><span class='ocrx_word' id='word_1_11' title='bbox 38 636 111 699; x_wconf 85' lang='lat' dir='ltr'><strong>slanr</strong></span> <span class='ocrx_word' id='word_1_12' title='bbox 125 653 188 698; x_wconf 89' lang='lat' dir='ltr'><strong>curn</strong></span> <span class='ocrx_word' id='word_1_13' title='bbox 203 632 286 698; x_wconf 91' lang='lat' dir='ltr'><strong>clero</strong></span> <span class='ocrx_word' id='word_1_14' title='bbox 300 632 331 697; x_wconf 84' lang='lat' dir='ltr'><strong>et</strong></span> <span class='ocrx_word' id='word_1_15' title='bbox 342 636 455 716; x_wconf 93' lang='lat' dir='ltr'><strong>populo</strong></span> <span class='ocrx_word' id='word_1_16' title='bbox 470 636 742 715; x_wconf 70' lang='lat' dir='ltr'><strong>processionaliter,</strong></span> <span class='ocrx_word' id='word_1_17' title='bbox 756 635 894 699; x_wconf 75' lang='lat' dir='ltr'><strong>Pontifex</strong></span> <span class='ocrx_word' id='word_1_18' title='bbox 908 654 972 698; x_wconf 90' lang='lat' dir='ltr'><strong>cunr</strong></span> <span class='ocrx_word' id='word_1_19' title='bbox 990 636 1074 696; x_wconf 92' lang='lat' dir='ltr'><strong>rnitra</strong></span> <span class='ocrx_word' id='word_1_20' title='bbox 1088 637 1191 717; x_wconf 91' lang='lat' dir='ltr'><strong>incipit</strong></span> <span class='ocrx_word' id='word_1_21' title='bbox 1205 647 1235 699; x_wconf 91' lang='lat' dir='ltr'><strong>et</strong></span> <span class='ocrx_word' id='word_1_22' title='bbox 1246 638 1347 701; x_wconf 79' lang='lat' dir='ltr'><strong>secuta</strong></span> 
     </span>
     <span class='ocr_line' id='line_1_4' title="bbox 38 726 1348 825; baseline 0.003 -26"><span class='ocrx_word' id='word_1_23' title='bbox 38 741 230 821; x_wconf 72' lang='lat' dir='ltr'><strong>prosequitur</strong></span> <span class='ocrx_word' id='word_1_24' title='bbox 243 736 457 818; x_wconf 75' lang='lat' dir='ltr'><strong>Antiphonem:</strong></span> <span class='ocrx_word' id='word_1_25' title='bbox 485 726 704 821; x_wconf 82' lang='lat' dir='ltr'><strong>ingredimini</strong></span> <span class='ocrx_word' id='word_1_26' title='bbox 726 729 843 802; x_wconf 87' lang='lat' dir='ltr'><strong>Sancti</strong></span> <span class='ocrx_word' id='word_1_27' title='bbox 860 730 937 819; x_wconf 74' lang='lat' dir='ltr'><strong>Dei,</strong></span> <span class='ocrx_word' id='word_1_28' title='bbox 964 739 1166 825; x_wconf 87' lang='lat' dir='ltr'><strong>praeparate</strong></span> <span class='ocrx_word' id='word_1_29' title='bbox 1185 740 1238 803; x_wconf 89' lang='lat' dir='ltr'><strong>cst</strong></span> <span class='ocrx_word' id='word_1_30' title='bbox 1259 734 1348 803; x_wconf 89' lang='lat' dir='ltr'><strong>eninr</strong></span> 
     </span>
     <span class='ocr_line' id='line_1_5' title="bbox 37 829 1348 928; baseline 0.001 -25"><span class='ocrx_word' id='word_1_31' title='bbox 37 852 58 903; x_wconf 87' lang='lat' dir='ltr'><strong>a</strong></span> <span class='ocrx_word' id='word_1_32' title='bbox 80 832 228 903; x_wconf 85' lang='lat' dir='ltr'><strong>Domino</strong></span> <span class='ocrx_word' id='word_1_33' title='bbox 255 829 416 901; x_wconf 88' lang='lat' dir='ltr'><strong>habitatio</strong></span> <span class='ocrx_word' id='word_1_34' title='bbox 437 829 530 905; x_wconf 89' lang='lat' dir='ltr'><strong>sedis</strong></span> <span class='ocrx_word' id='word_1_35' title='bbox 549 840 707 921; x_wconf 68' lang='lat' dir='ltr'><strong>vestrae,</strong></span> <span class='ocrx_word' id='word_1_36' title='bbox 738 832 800 906; x_wconf 89' lang='lat' dir='ltr'><strong>sed</strong></span> <span class='ocrx_word' id='word_1_37' title='bbox 821 842 857 903; x_wconf 93' lang='lat' dir='ltr'><strong>et</strong></span> <span class='ocrx_word' id='word_1_38' title='bbox 873 832 1020 928; x_wconf 91' lang='lat' dir='ltr'><strong>populus</strong></span> <span class='ocrx_word' id='word_1_39' title='bbox 1039 830 1149 904; x_wconf 85' lang='lat' dir='ltr'><strong>fidelis</strong></span> <span class='ocrx_word' id='word_1_40' title='bbox 1168 852 1245 903; x_wconf 90' lang='lat' dir='ltr'><strong>cum</strong></span> <span class='ocrx_word' id='word_1_41' title='bbox 1265 854 1348 925; x_wconf 82' lang='lat' dir='ltr'><strong>gau-</strong></span> 
     </span>
     <span class='ocr_line' id='line_1_6' title="bbox 37 933 1348 1030; baseline 0 -24"><span class='ocrx_word' id='word_1_42' title='bbox 37 933 101 1006; x_wconf 80' lang='lat' dir='ltr'><strong>dio&#39;</strong></span> <span class='ocrx_word' id='word_1_43' title='bbox 113 935 304 1028; x_wconf 71' lang='lat' dir='ltr'><strong>insequitur</strong></span> <span class='ocrx_word' id='word_1_44' title='bbox 325 936 390 1003; x_wconf 87' lang='lat' dir='ltr'><strong>iter</strong></span> <span class='ocrx_word' id='word_1_45' title='bbox 408 938 573 1021; x_wconf 78' lang='lat' dir='ltr'><strong>vostrum,</strong></span> <span class='ocrx_word' id='word_1_46' title='bbox 592 943 629 1004; x_wconf 92' lang='lat' dir='ltr'><strong>ut</strong></span> <span class='ocrx_word' id='word_1_47' title='bbox 649 939 754 1006; x_wconf 88' lang='lat' dir='ltr'><strong>oretis</strong></span> <span class='ocrx_word' id='word_1_48' title='bbox 773 957 837 1030; x_wconf 90' lang='lat' dir='ltr'><strong>pro</strong></span> <span class='ocrx_word' id='word_1_49' title='bbox 856 935 955 1008; x_wconf 89' lang='lat' dir='ltr'><strong>nobis</strong></span> <span class='ocrx_word' id='word_1_50' title='bbox 973 936 1182 1005; x_wconf 84' lang='lat' dir='ltr'><strong>maiestatem</strong></span> <span class='ocrx_word' id='word_1_51' title='bbox 1202 934 1348 1007; x_wconf 82' lang='lat' dir='ltr'><strong>Domini</strong></span> 
     </span>
     <span class='ocr_line' id='line_1_7' title="bbox 36 1032 1349 1129; baseline 0 -21"><span class='ocrx_word' id='word_1_52' title='bbox 36 1036 200 1108; x_wconf 81' lang='lat' dir='ltr'><strong>Alleluia.</strong></span> <span class='ocrx_word' id='word_1_53' title='bbox 240 1043 320 1106; x_wconf 75' lang='lat' dir='ltr'><strong>Atta:</strong></span> <span class='ocrx_word' id='word_1_54' title='bbox 339 1032 493 1106; x_wconf 85' lang='lat' dir='ltr'><strong>Gaudent</strong></span> <span class='ocrx_word' id='word_1_55' title='bbox 510 1038 543 1106; x_wconf 93' lang='lat' dir='ltr'><strong>in</strong></span> <span class='ocrx_word' id='word_1_56' title='bbox 561 1036 669 1109; x_wconf 88' lang='lat' dir='ltr'><strong>coelis</strong></span> <span class='ocrx_word' id='word_1_57' title='bbox 688 1040 819 1108; x_wconf 88' lang='lat' dir='ltr'><strong>animae</strong></span> <span class='ocrx_word' id='word_1_58' title='bbox 836 1036 1052 1125; x_wconf 78' lang='lat' dir='ltr'><strong>Sanctorum,</strong></span> <span class='ocrx_word' id='word_1_59' title='bbox 1071 1038 1128 1129; x_wconf 91' lang='lat' dir='ltr'><strong>qui</strong></span> <span class='ocrx_word' id='word_1_60' title='bbox 1146 1035 1349 1111; x_wconf 74' lang='lat' dir='ltr'><strong>christive</strong></span> 
     </span>
     <span class='ocr_line' id='line_1_8' title="bbox 36 1138 1349 1234; baseline -0.002 -21"><span class='ocrx_word' id='word_1_61' title='bbox 36 1140 139 1231; x_wconf 79' lang='lat' dir='ltr'><strong>stigio</strong></span> <span class='ocrx_word' id='word_1_62' title='bbox 158 1146 236 1212; x_wconf 89' lang='lat' dir='ltr'><strong>suut</strong></span> <span class='ocrx_word' id='word_1_63' title='bbox 262 1138 389 1227; x_wconf 78' lang='lat' dir='ltr'><strong>secuti,</strong></span> <span class='ocrx_word' id='word_1_64' title='bbox 412 1147 446 1209; x_wconf 85' lang='lat' dir='ltr'><strong>et</strong></span> <span class='ocrx_word' id='word_1_65' title='bbox 469 1140 548 1232; x_wconf 88' lang='lat' dir='ltr'><strong>quia</strong></span> <span class='ocrx_word' id='word_1_66' title='bbox 573 1161 637 1234; x_wconf 93' lang='lat' dir='ltr'><strong>pro</strong></span> <span class='ocrx_word' id='word_1_67' title='bbox 665 1141 739 1213; x_wconf 89' lang='lat' dir='ltr'><strong>cius</strong></span> <span class='ocrx_word' id='word_1_68' title='bbox 761 1162 879 1211; x_wconf 87' lang='lat' dir='ltr'><strong>umore</strong></span> <span class='ocrx_word' id='word_1_69' title='bbox 905 1141 1105 1233; x_wconf 79' lang='lat' dir='ltr'><strong>sanguinem</strong></span> <span class='ocrx_word' id='word_1_70' title='bbox 1126 1161 1224 1212; x_wconf 87' lang='lat' dir='ltr'><strong>suunt</strong></span> <span class='ocrx_word' id='word_1_71' title='bbox 1250 1139 1349 1211; x_wconf 80' lang='lat' dir='ltr'><strong>tude</strong></span> 
     </span>
     <span class='ocr_line' id='line_1_9' title="bbox 35 1238 1348 1330; baseline 0.001 -17"><span class='ocrx_word' id='word_1_72' title='bbox 35 1250 129 1329; x_wconf 70' lang='lat' dir='ltr'><strong>runi,</strong></span> <span class='ocrx_word' id='word_1_73' title='bbox 152 1241 229 1312; x_wconf 82' lang='lat' dir='ltr'><strong>ideo</strong></span> <span class='ocrx_word' id='word_1_74' title='bbox 251 1262 328 1311; x_wconf 84' lang='lat' dir='ltr'><strong>cum</strong></span> <span class='ocrx_word' id='word_1_75' title='bbox 347 1238 472 1313; x_wconf 79' lang='lat' dir='ltr'><strong>Christi</strong></span> <span class='ocrx_word' id='word_1_76' title='bbox 490 1241 643 1313; x_wconf 81' lang='lat' dir='ltr'><strong>exultant</strong></span> <span class='ocrx_word' id='word_1_77' title='bbox 661 1245 736 1314; x_wconf 83' lang='lat' dir='ltr'><strong>sine</strong></span> <span class='ocrx_word' id='word_1_78' title='bbox 757 1242 832 1315; x_wconf 82' lang='lat' dir='ltr'><strong>fine.</strong></span> <span class='ocrx_word' id='word_1_79' title='bbox 873 1252 993 1313; x_wconf 89' lang='lat' dir='ltr'><strong>lnterim</strong></span> <span class='ocrx_word' id='word_1_80' title='bbox 1015 1252 1277 1330; x_wconf 78' lang='lat' dir='ltr'><strong>processionaliter</strong></span> <span class='ocrx_word' id='word_1_81' title='bbox 1299 1270 1348 1314; x_wconf 79' lang='lat' dir='ltr'><strong>ua·</strong></span> 
     </span>
     <span class='ocr_line' id='line_1_10' title="bbox 36 1350 1348 1436; baseline 0.002 -23"><span class='ocrx_word' id='word_1_82' title='bbox 36 1352 109 1413; x_wconf 94' lang='lat' dir='ltr'><strong>dunt</strong></span> <span class='ocrx_word' id='word_1_83' title='bbox 122 1370 177 1433; x_wconf 89' lang='lat' dir='ltr'><strong>per</strong></span> <span class='ocrx_word' id='word_1_84' title='bbox 189 1350 361 1414; x_wconf 80' lang='lat' dir='ltr'><strong>Ecclesiam.</strong></span> <span class='ocrx_word' id='word_1_85' title='bbox 401 1350 473 1412; x_wconf 84' lang='lat' dir='ltr'><strong>cum</strong></span> <span class='ocrx_word' id='word_1_86' title='bbox 487 1356 678 1431; x_wconf 84' lang='lat' dir='ltr'><strong>pervenerint</strong></span> <span class='ocrx_word' id='word_1_87' title='bbox 691 1354 727 1416; x_wconf 88' lang='lat' dir='ltr'><strong>ad</strong></span> <span class='ocrx_word' id='word_1_88' title='bbox 739 1355 841 1432; x_wconf 88' lang='lat' dir='ltr'><strong>altaro,</strong></span> <span class='ocrx_word' id='word_1_89' title='bbox 857 1356 885 1416; x_wconf 97' lang='lat' dir='ltr'><strong>in</strong></span> <span class='ocrx_word' id='word_1_90' title='bbox 899 1371 958 1435; x_wconf 93' lang='lat' dir='ltr'><strong>qno</strong></span> <span class='ocrx_word' id='word_1_91' title='bbox 973 1352 1124 1436; x_wconf 80' lang='lat' dir='ltr'><strong>Reliquiae</strong></span> <span class='ocrx_word' id='word_1_92' title='bbox 1138 1365 1206 1415; x_wconf 89' lang='lat' dir='ltr'><strong>sunt</strong></span> <span class='ocrx_word' id='word_1_93' title='bbox 1219 1355 1348 1416; x_wconf 87' lang='lat' dir='ltr'><strong>conden-</strong></span> 
     </span>
     <span class='ocr_line' id='line_1_11' title="bbox 36 1453 1348 1537; baseline 0.002 -22"><span class='ocrx_word' id='word_1_94' title='bbox 36 1454 112 1532; x_wconf 86' lang='lat' dir='ltr'><strong>dae,</strong></span> <span class='ocrx_word' id='word_1_95' title='bbox 133 1454 276 1535; x_wconf 79' lang='lat' dir='ltr'><strong>Reliquils</strong></span> <span class='ocrx_word' id='word_1_96' title='bbox 298 1453 370 1535; x_wconf 91' lang='lat' dir='ltr'><strong>ipsis</strong></span> <span class='ocrx_word' id='word_1_97' title='bbox 391 1470 454 1513; x_wconf 86' lang='lat' dir='ltr'><strong>cnm</strong></span> <span class='ocrx_word' id='word_1_98' title='bbox 474 1454 588 1516; x_wconf 87' lang='lat' dir='ltr'><strong>leretro</strong></span> <span class='ocrx_word' id='word_1_99' title='bbox 603 1473 698 1537; x_wconf 85' lang='lat' dir='ltr'><strong>prope</strong></span> <span class='ocrx_word' id='word_1_100' title='bbox 712 1455 805 1518; x_wconf 88' lang='lat' dir='ltr'><strong>altare</strong></span> <span class='ocrx_word' id='word_1_101' title='bbox 821 1458 927 1537; x_wconf 79' lang='lat' dir='ltr'><strong>positis</strong></span> <span class='ocrx_word' id='word_1_102' title='bbox 941 1464 971 1515; x_wconf 87' lang='lat' dir='ltr'><strong>et</strong></span> <span class='ocrx_word' id='word_1_103' title='bbox 985 1457 1174 1519; x_wconf 87' lang='lat' dir='ltr'><strong>luminaribus</strong></span> <span class='ocrx_word' id='word_1_104' title='bbox 1189 1460 1268 1519; x_wconf 79' lang='lat' dir='ltr'><strong>iuxta</strong></span> <span class='ocrx_word' id='word_1_105' title='bbox 1282 1458 1348 1519; x_wconf 88' lang='lat' dir='ltr'><strong>illas</strong></span> 
     </span>
     <span class='ocr_line' id='line_1_12' title="bbox 36 1542 1348 1640; baseline 0.002 -22"><span class='ocrx_word' id='word_1_106' title='bbox 36 1542 260 1633; x_wconf 88' lang='lat' dir='ltr'><strong>ardentibus,¹)</strong></span> <span class='ocrx_word' id='word_1_107' title='bbox 274 1554 413 1617; x_wconf 86' lang='lat' dir='ltr'><strong>Pontilex</strong></span> <span class='ocrx_word' id='word_1_108' title='bbox 427 1565 508 1617; x_wconf 87' lang='lat' dir='ltr'><strong>stans</strong></span> <span class='ocrx_word' id='word_1_109' title='bbox 523 1576 587 1617; x_wconf 88' lang='lat' dir='ltr'><strong>curn</strong></span> <span class='ocrx_word' id='word_1_110' title='bbox 601 1558 685 1618; x_wconf 88' lang='lat' dir='ltr'><strong>mitra</strong></span> <span class='ocrx_word' id='word_1_111' title='bbox 698 1566 766 1619; x_wconf 88' lang='lat' dir='ltr'><strong>ante</strong></span> <span class='ocrx_word' id='word_1_112' title='bbox 777 1558 881 1635; x_wconf 87' lang='lat' dir='ltr'><strong>altare,</strong></span> <span class='ocrx_word' id='word_1_113' title='bbox 897 1558 1023 1634; x_wconf 82' lang='lat' dir='ltr'><strong>includat,</strong></span> <span class='ocrx_word' id='word_1_114' title='bbox 1037 1557 1137 1619; x_wconf 83' lang='lat' dir='ltr'><strong>schola</strong></span> <span class='ocrx_word' id='word_1_115' title='bbox 1147 1568 1348 1640; x_wconf 80' lang='lat' dir='ltr'><strong>prosequente</strong></span> 
     </span>
     <span class='ocr_line' id='line_1_13' title="bbox 35 1646 1368 1742; baseline -0.003 -21"><span class='ocrx_word' id='word_1_116' title='bbox 35 1658 253 1737; x_wconf 73' lang='lat' dir='ltr'><strong>antiphonam:</strong></span> <span class='ocrx_word' id='word_1_117' title='bbox 280 1646 491 1719; x_wconf 85' lang='lat' dir='ltr'><strong>Exultabunt</strong></span> <span class='ocrx_word' id='word_1_118' title='bbox 512 1648 630 1721; x_wconf 79' lang='lat' dir='ltr'><strong>Sancti</strong></span> <span class='ocrx_word' id='word_1_119' title='bbox 652 1653 687 1720; x_wconf 93' lang='lat' dir='ltr'><strong>in</strong></span> <span class='ocrx_word' id='word_1_120' title='bbox 709 1649 820 1742; x_wconf 81' lang='lat' dir='ltr'><strong>gloria</strong></span> <span class='ocrx_word' id='word_1_121' title='bbox 838 1661 872 1722; x_wconf 86' lang='lat' dir='ltr'><strong>et</strong></span> <span class='ocrx_word' id='word_1_122' title='bbox 892 1650 1105 1721; x_wconf 85' lang='lat' dir='ltr'><strong>laetabuntur</strong></span> <span class='ocrx_word' id='word_1_123' title='bbox 1128 1651 1368 1723; x_wconf 84' lang='lat' dir='ltr'><strong>incubilibus.</strong></span> 
     </span>
    </p>
   </div>
   <div class='ocr_carea' id='block_1_3' title="bbox 33 1747 1465 1943">
    <p class='ocr_par' dir='ltr' id='par_1_3' title="bbox 33 1747 1465 1943">
     <span class='ocr_line' id='line_1_14' title="bbox 33 1747 1465 1831; baseline 0 -10"><span class='ocrx_word' id='word_1_124' title='bbox 33 1753 119 1827; x_wconf 88' lang='lat' dir='ltr'><strong>suis.</strong></span> <span class='ocrx_word' id='word_1_125' title='bbox 163 1750 323 1823; x_wconf 76' lang='lat' dir='ltr'><strong>Prolatae.</strong></span> <span class='ocrx_word' id='word_1_126' title='bbox 358 1747 499 1821; x_wconf 85' lang='lat' dir='ltr'><strong>Cantate</strong></span> <span class='ocrx_word' id='word_1_127' title='bbox 519 1750 667 1822; x_wconf 87' lang='lat' dir='ltr'><strong>Domino</strong></span> <span class='ocrx_word' id='word_1_128' title='bbox 687 1754 854 1823; x_wconf 90' lang='lat' dir='ltr'><strong>canticum</strong></span> <span class='ocrx_word' id='word_1_129' title='bbox 874 1772 1001 1823; x_wconf 88' lang='lat' dir='ltr'><strong>novum</strong></span> <span class='ocrx_word' id='word_1_130' title='bbox 1021 1768 1078 1820; x_wconf 81' lang='lat' dir='ltr'><strong>etc</strong></span> <span class='ocrx_word' id='word_1_131' title='bbox 1117 1760 1153 1822; x_wconf 83' lang='lat' dir='ltr'><strong>itt</strong></span> <span class='ocrx_word' id='word_1_132' title='bbox 1166 1778 1225 1822; x_wconf 89' lang='lat' dir='ltr'><strong>uon</strong></span> <span class='ocrx_word' id='word_1_133' title='bbox 1243 1760 1351 1831; x_wconf 78' lang='lat' dir='ltr'><strong>dieitur</strong></span> <span class='ocrx_word' id='word_1_134' title='bbox 1461 1756 1465 1763; x_wconf 87' lang='lat'>&#39;</span> 
     </span>
     <span class='ocr_line' id='line_1_15' title="bbox 35 1852 1448 1943; baseline -0.002 -18"><span class='ocrx_word' id='word_1_135' title='bbox 35 1852 169 1942; x_wconf 69' lang='lat' dir='ltr'><strong>Gloria,</strong></span> <span class='ocrx_word' id='word_1_136' title='bbox 193 1860 247 1923; x_wconf 88' lang='lat' dir='ltr'><strong>sed</strong></span> <span class='ocrx_word' id='word_1_137' title='bbox 268 1862 414 1943; x_wconf 90' lang='lat' dir='ltr'><strong>repetitur</strong></span> <span class='ocrx_word' id='word_1_138' title='bbox 426 1861 606 1942; x_wconf 79' lang='lat' dir='ltr'><strong>Antiphone.</strong></span> <span class='ocrx_word' id='word_1_139' title='bbox 646 1862 710 1937; x_wconf 81' lang='lat' dir='ltr'><strong>Qua</strong></span> <span class='ocrx_word' id='word_1_140' title='bbox 728 1863 806 1925; x_wconf 90' lang='lat' dir='ltr'><strong>dicta</strong></span> <span class='ocrx_word' id='word_1_141' title='bbox 821 1863 970 1939; x_wconf 73' lang='lat' dir='ltr'><strong>Fortiter,</strong></span> <span class='ocrx_word' id='word_1_142' title='bbox 984 1861 1121 1943; x_wconf 83' lang='lat' dir='ltr'><strong>deposita</strong></span> <span class='ocrx_word' id='word_1_143' title='bbox 1133 1864 1228 1939; x_wconf 87' lang='lat' dir='ltr'><strong>mitra,</strong></span> <span class='ocrx_word' id='word_1_144' title='bbox 1242 1880 1348 1925; x_wconf 85' lang='lat' dir='ltr'><strong>uersus</strong></span> <span class='ocrx_word' id='word_1_145' title='bbox 1439 1906 1448 1922; x_wconf 82' lang='grc'><strong>..</strong></span> 
     </span>
    </p>
   </div>
   <div class='ocr_carea' id='block_1_4' title="bbox 31 1964 1348 2458">
    <p class='ocr_par' dir='ltr' id='par_1_4' title="bbox 32 1964 278 2027">
     <span class='ocr_line' id='line_1_16' title="bbox 32 1964 278 2027; baseline 0 0"><span class='ocrx_word' id='word_1_146' title='bbox 32 1964 73 2027; x_wconf 90' lang='lat' dir='ltr'><strong>ad</strong></span> <span class='ocrx_word' id='word_1_147' title='bbox 86 1964 179 2025; x_wconf 88' lang='lat' dir='ltr'><strong>altare</strong></span> <span class='ocrx_word' id='word_1_148' title='bbox 193 1964 278 2027; x_wconf 89' lang='lat' dir='ltr'><strong>dicit:</strong></span> 
     </span>
    </p>

    <p class='ocr_par' dir='ltr' id='par_1_5' title="bbox 31 2056 1348 2458">
     <span class='ocr_line' id='line_1_17' title="bbox 142 2056 1348 2151; baseline -0.002 -22"><span class='ocrx_word' id='word_1_149' title='bbox 142 2059 286 2131; x_wconf 77' lang='lat' dir='ltr'><strong>Oremao.</strong></span> <span class='ocrx_word' id='word_1_150' title='bbox 325 2056 420 2131; x_wconf 86' lang='lat' dir='ltr'><strong>Deus</strong></span> <span class='ocrx_word' id='word_1_151' title='bbox 444 2058 551 2151; x_wconf 92' lang='lat' dir='ltr'><strong>quiin</strong></span> <span class='ocrx_word' id='word_1_152' title='bbox 574 2057 665 2127; x_wconf 88' lang='lat' dir='ltr'><strong>omni</strong></span> <span class='ocrx_word' id='word_1_153' title='bbox 686 2056 766 2129; x_wconf 92' lang='lat' dir='ltr'><strong>loco</strong></span> <span class='ocrx_word' id='word_1_154' title='bbox 784 2056 1021 2130; x_wconf 88' lang='lat' dir='ltr'><strong>dominationis</strong></span> <span class='ocrx_word' id='word_1_155' title='bbox 1040 2067 1119 2129; x_wconf 90' lang='lat' dir='ltr'><strong>tuae</strong></span> <span class='ocrx_word' id='word_1_156' title='bbox 1136 2056 1288 2130; x_wconf 88' lang='lat' dir='ltr'><strong>clemens</strong></span> <span class='ocrx_word' id='word_1_157' title='bbox 1306 2078 1348 2127; x_wconf 93' lang='lat' dir='ltr'><strong>ac</strong></span> 
     </span>
     <span class='ocr_line' id='line_1_18' title="bbox 32 2159 1348 2254; baseline -0.002 -21"><span class='ocrx_word' id='word_1_158' title='bbox 32 2160 206 2254; x_wconf 82' lang='lat' dir='ltr'><strong>benignus</strong></span> <span class='ocrx_word' id='word_1_159' title='bbox 228 2160 403 2231; x_wconf 89' lang='lat' dir='ltr'><strong>dedicator</strong></span> <span class='ocrx_word' id='word_1_160' title='bbox 422 2160 566 2247; x_wconf 73' lang='lat' dir='ltr'><strong>assistis,</strong></span> <span class='ocrx_word' id='word_1_161' title='bbox 591 2159 814 2248; x_wconf 75' lang='lat' dir='ltr'><strong>exaudinos,</strong></span> <span class='ocrx_word' id='word_1_162' title='bbox 837 2180 1042 2254; x_wconf 88' lang='lat' dir='ltr'><strong>quaesumus</strong></span> <span class='ocrx_word' id='word_1_163' title='bbox 1064 2170 1098 2231; x_wconf 88' lang='lat' dir='ltr'><strong>et</strong></span> <span class='ocrx_word' id='word_1_164' title='bbox 1117 2159 1285 2248; x_wconf 69' lang='lat' dir='ltr'><strong>concede,</strong></span> <span class='ocrx_word' id='word_1_165' title='bbox 1311 2168 1348 2230; x_wconf 93' lang='lat' dir='ltr'><strong>ut</strong></span> 
     </span>
     <span class='ocr_line' id='line_1_19' title="bbox 32 2256 1347 2358; baseline -0.001 -23"><span class='ocrx_word' id='word_1_166' title='bbox 32 2260 244 2335; x_wconf 87' lang='lat' dir='ltr'><strong>inviolabilis</strong></span> <span class='ocrx_word' id='word_1_167' title='bbox 264 2269 463 2358; x_wconf 86' lang='lat' dir='ltr'><strong>permaneat</strong></span> <span class='ocrx_word' id='word_1_168' title='bbox 481 2260 580 2333; x_wconf 88' lang='lat' dir='ltr'><strong>huius</strong></span> <span class='ocrx_word' id='word_1_169' title='bbox 598 2260 668 2331; x_wconf 92' lang='lat' dir='ltr'><strong>loci</strong></span> <span class='ocrx_word' id='word_1_170' title='bbox 681 2256 895 2334; x_wconf 88' lang='lat' dir='ltr'><strong>consecratio</strong></span> <span class='ocrx_word' id='word_1_171' title='bbox 910 2271 945 2333; x_wconf 89' lang='lat' dir='ltr'><strong>et</strong></span> <span class='ocrx_word' id='word_1_172' title='bbox 956 2260 1122 2333; x_wconf 86' lang='lat' dir='ltr'><strong>beneficia</strong></span> <span class='ocrx_word' id='word_1_173' title='bbox 1136 2264 1184 2333; x_wconf 91' lang='lat' dir='ltr'><strong>tui</strong></span> <span class='ocrx_word' id='word_1_174' title='bbox 1197 2264 1347 2334; x_wconf 88' lang='lat' dir='ltr'><strong>muneris</strong></span> 
     </span>
     <span class='ocr_line' id='line_1_20' title="bbox 31 2359 1347 2458; baseline -0.003 -21"><span class='ocrx_word' id='word_1_175' title='bbox 31 2367 243 2439; x_wconf 82' lang='lat' dir='ltr'><strong>universitas</strong></span> <span class='ocrx_word' id='word_1_176' title='bbox 260 2364 423 2452; x_wconf 73' lang='lat' dir='ltr'><strong>fidelium,</strong></span> <span class='ocrx_word' id='word_1_177' title='bbox 440 2384 527 2457; x_wconf 87' lang='lat' dir='ltr'><strong>qnae</strong></span> <span class='ocrx_word' id='word_1_178' title='bbox 545 2361 605 2433; x_wconf 87' lang='lat' dir='ltr'><strong>tihi</strong></span> <span class='ocrx_word' id='word_1_179' title='bbox 624 2359 848 2458; x_wconf 75' lang='lat' dir='ltr'><strong>supplicat,⁹)</strong></span> <span class='ocrx_word' id='word_1_180' title='bbox 866 2366 1045 2458; x_wconf 85' lang='lat' dir='ltr'><strong>percipere</strong></span> <span class='ocrx_word' id='word_1_181' title='bbox 1062 2374 1243 2435; x_wconf 86' lang='lat' dir='ltr'><strong>mereatur.</strong></span> <span class='ocrx_word' id='word_1_182' title='bbox 1280 2364 1347 2434; x_wconf 87' lang='lat' dir='ltr'><strong>Per</strong></span> 
     </span>
    </p>
   </div>
   <div class='ocr_carea' id='block_1_5' title="bbox 34 2464 1347 2657">
    <p class='ocr_par' dir='ltr' id='par_1_6' title="bbox 34 2464 1347 2657">
     <span class='ocr_line' id='line_1_21' title="bbox 34 2464 451 2559; baseline -0.01 -20"><span class='ocrx_word' id='word_1_183' title='bbox 34 2464 216 2540; x_wconf 76' lang='lat' dir='ltr'><strong>Christum.</strong></span> <span class='ocrx_word' id='word_1_184' title='bbox 261 2472 304 2559; x_wconf 70' lang='lat' dir='ltr'><strong>lp.</strong></span> <span class='ocrx_word' id='word_1_185' title='bbox 327 2467 451 2538; x_wconf 88' lang='lat' dir='ltr'><strong>Arnen.</strong></span> 
     </span>
     <span class='ocr_line' id='line_1_22' title="bbox 139 2572 1347 2657; baseline -0.004 -17"><span class='ocrx_word' id='word_1_186' title='bbox 139 2578 210 2640; x_wconf 82' lang='lat' dir='ltr'><strong>Tum</strong></span> <span class='ocrx_word' id='word_1_187' title='bbox 224 2578 362 2640; x_wconf 79' lang='lat' dir='ltr'><strong>Pontifex</strong></span> <span class='ocrx_word' id='word_1_188' title='bbox 378 2585 499 2657; x_wconf 90' lang='lat' dir='ltr'><strong>accepta</strong></span> <span class='ocrx_word' id='word_1_189' title='bbox 512 2577 614 2652; x_wconf 88' lang='lat' dir='ltr'><strong>mitra,</strong></span> <span class='ocrx_word' id='word_1_190' title='bbox 637 2574 755 2652; x_wconf 77' lang='lat' dir='ltr'><strong>intingit</strong></span> <span class='ocrx_word' id='word_1_191' title='bbox 769 2572 908 2654; x_wconf 86' lang='lat' dir='ltr'><strong>pollicem</strong></span> <span class='ocrx_word' id='word_1_192' title='bbox 923 2573 1045 2636; x_wconf 83' lang='lat' dir='ltr'><strong>dextrae</strong></span> <span class='ocrx_word' id='word_1_193' title='bbox 1058 2592 1158 2635; x_wconf 89' lang='lat' dir='ltr'><strong>manus</strong></span> <span class='ocrx_word' id='word_1_194' title='bbox 1173 2575 1202 2634; x_wconf 92' lang='lat' dir='ltr'><strong>in</strong></span> <span class='ocrx_word' id='word_1_195' title='bbox 1215 2582 1347 2635; x_wconf 85' lang='lat' dir='ltr'><strong>sunctum</strong></span> 
     </span>
    </p>
   </div>
   <div class='ocr_carea' id='block_1_6' title="bbox 23 2675 1360 3482">
    <p class='ocr_par' dir='ltr' id='par_1_7' title="bbox 23 2675 1360 3482">
     <span class='ocr_line' id='line_1_23' title="bbox 23 2675 1360 2769; baseline -0.007 -25"><span class='ocrx_word' id='word_1_196' title='bbox 23 2680 171 2769; x_wconf 32' lang='lat' dir='ltr'><strong>&#39;chrisma</strong></span> <span class='ocrx_word' id='word_1_197' title='bbox 186 2690 216 2742; x_wconf 92' lang='lat' dir='ltr'><strong>et</strong></span> <span class='ocrx_word' id='word_1_198' title='bbox 230 2699 294 2742; x_wconf 86' lang='lat' dir='ltr'><strong>curn</strong></span> <span class='ocrx_word' id='word_1_199' title='bbox 309 2698 345 2742; x_wconf 91' lang='lat' dir='ltr'><strong>eo</strong></span> <span class='ocrx_word' id='word_1_200' title='bbox 360 2682 459 2758; x_wconf 76' lang='lat' dir='ltr'><strong>signat</strong></span> <span class='ocrx_word' id='word_1_201' title='bbox 472 2678 700 2752; x_wconf 78' lang='lat' dir='ltr'><strong>contessionem,</strong></span> <span class='ocrx_word' id='word_1_202' title='bbox 717 2679 735 2737; x_wconf 94' lang='lat' dir='ltr'><strong>i.</strong></span> <span class='ocrx_word' id='word_1_203' title='bbox 750 2696 777 2739; x_wconf 88' lang='lat' dir='ltr'><strong>e.</strong></span> <span class='ocrx_word' id='word_1_204' title='bbox 789 2676 957 2757; x_wconf 90' lang='lat' dir='ltr'><strong>sepulcrum</strong></span> <span class='ocrx_word' id='word_1_205' title='bbox 973 2677 1071 2738; x_wconf 88' lang='lat' dir='ltr'><strong>altaris</strong></span> <span class='ocrx_word' id='word_1_206' title='bbox 1084 2678 1114 2737; x_wconf 93' lang='lat' dir='ltr'><strong>in</strong></span> <span class='ocrx_word' id='word_1_207' title='bbox 1125 2675 1360 2757; x_wconf 83' lang='lat' dir='ltr'><strong>quolleliqniae.</strong></span> 
     </span>
     <span class='ocr_line' id='line_1_24' title="bbox 34 2778 1346 2864; baseline -0.005 -19"><span class='ocrx_word' id='word_1_208' title='bbox 34 2793 105 2845; x_wconf 88' lang='lat' dir='ltr'><strong>sunt</strong></span> <span class='ocrx_word' id='word_1_209' title='bbox 126 2784 317 2864; x_wconf 84' lang='lat' dir='ltr'><strong>reponendae</strong></span> <span class='ocrx_word' id='word_1_210' title='bbox 335 2785 364 2844; x_wconf 91' lang='lat' dir='ltr'><strong>in</strong></span> <span class='ocrx_word' id='word_1_211' title='bbox 389 2791 516 2862; x_wconf 89' lang='lat' dir='ltr'><strong>quatuor</strong></span> <span class='ocrx_word' id='word_1_212' title='bbox 534 2780 669 2859; x_wconf 76' lang='lat' dir='ltr'><strong>angulis,</strong></span> <span class='ocrx_word' id='word_1_213' title='bbox 692 2780 805 2841; x_wconf 86' lang='lat' dir='ltr'><strong>iaciens</strong></span> <span class='ocrx_word' id='word_1_214' title='bbox 820 2781 848 2840; x_wconf 94' lang='lat' dir='ltr'><strong>in</strong></span> <span class='ocrx_word' id='word_1_215' title='bbox 862 2780 987 2857; x_wconf 80' lang='lat' dir='ltr'><strong>singulis</strong></span> <span class='ocrx_word' id='word_1_216' title='bbox 1000 2782 1115 2861; x_wconf 75' lang='lat' dir='ltr'><strong>signum</strong></span> <span class='ocrx_word' id='word_1_217' title='bbox 1128 2780 1241 2855; x_wconf 86' lang='lat' dir='ltr'><strong>crucis,</strong></span> <span class='ocrx_word' id='word_1_218' title='bbox 1262 2787 1292 2841; x_wconf 90' lang='lat' dir='ltr'><strong>et</strong></span> <span class='ocrx_word' id='word_1_219' title='bbox 1305 2778 1346 2839; x_wconf 91' lang='lat' dir='ltr'><strong>di·</strong></span> 
     </span>
     <span class='ocr_line' id='line_1_25' title="bbox 34 2871 1348 2968; baseline -0.005 -19"><span class='ocrx_word' id='word_1_220' title='bbox 34 2904 108 2949; x_wconf 82' lang='lat' dir='ltr'><strong>cous</strong></span> <span class='ocrx_word' id='word_1_221' title='bbox 135 2875 250 2949; x_wconf 82' lang='lat' dir='ltr'><strong>Conse</strong></span> <span class='ocrx_word' id='word_1_222' title='bbox 263 2873 294 2963; x_wconf 63' lang='grc' dir='ltr'>ι·</span> <span class='ocrx_word' id='word_1_223' title='bbox 309 2877 425 2946; x_wconf 88' lang='lat' dir='ltr'><strong>cret&#39;ur</strong></span> <span class='ocrx_word' id='word_1_224' title='bbox 451 2885 485 2946; x_wconf 87' lang='lat' dir='ltr'><strong>ot</strong></span> <span class='ocrx_word' id='word_1_225' title='bbox 510 2878 617 2947; x_wconf 89' lang='lat' dir='ltr'><strong>sancti</strong></span> <span class='ocrx_word' id='word_1_226' title='bbox 632 2873 664 2963; x_wconf 62' lang='grc' dir='ltr'>ι·</span> <span class='ocrx_word' id='word_1_227' title='bbox 677 2871 797 2944; x_wconf 88' lang='lat' dir='ltr'><strong>licetur</strong></span> <span class='ocrx_word' id='word_1_228' title='bbox 819 2872 886 2944; x_wconf 91' lang='lat' dir='ltr'><strong>hoc</strong></span> <span class='ocrx_word' id='word_1_229' title='bbox 906 2874 1109 2968; x_wconf 88' lang='lat' dir='ltr'><strong>sepulcrum.</strong></span> <span class='ocrx_word' id='word_1_230' title='bbox 1153 2872 1348 2943; x_wconf 84' lang='lat' dir='ltr'><strong>innomine</strong></span> 
     </span>
     <span class='ocr_line' id='line_1_26' title="bbox 33 2972 1346 3071; baseline -0.006 -18"><span class='ocrx_word' id='word_1_231' title='bbox 33 2977 194 3068; x_wconf 80' lang='lat' dir='ltr'><strong>Pa†tris</strong></span> <span class='ocrx_word' id='word_1_232' title='bbox 222 2987 256 3048; x_wconf 90' lang='lat' dir='ltr'><strong>et</strong></span> <span class='ocrx_word' id='word_1_233' title='bbox 276 2973 401 3064; x_wconf 65' lang='lat' dir='ltr'><strong>Fittri</strong></span> <span class='ocrx_word' id='word_1_234' title='bbox 420 2985 454 3047; x_wconf 90' lang='lat' dir='ltr'><strong>et</strong></span> <span class='ocrx_word' id='word_1_235' title='bbox 476 2974 621 3071; x_wconf 88' lang='lat' dir='ltr'><strong>Spiritus</strong></span> <span class='ocrx_word' id='word_1_236' title='bbox 645 2972 676 3062; x_wconf 84' lang='lat'><em>†</em></span> <span class='ocrx_word' id='word_1_237' title='bbox 699 2974 825 3047; x_wconf 87' lang='lat' dir='ltr'><strong>Sancti.</strong></span> <span class='ocrx_word' id='word_1_238' title='bbox 873 2975 948 3046; x_wconf 83' lang='lat' dir='ltr'><strong>Pax</strong></span> <span class='ocrx_word' id='word_1_239' title='bbox 965 2976 1043 3047; x_wconf 89' lang='lat' dir='ltr'><strong>huic</strong></span> <span class='ocrx_word' id='word_1_240' title='bbox 1066 2976 1188 3047; x_wconf 89' lang='lat' dir='ltr'><strong>domui.</strong></span> <span class='ocrx_word' id='word_1_241' title='bbox 1231 2984 1346 3045; x_wconf 79' lang='lat' dir='ltr'><strong>Deinde</strong></span> 
     </span>
     <span class='ocr_line' id='line_1_27' title="bbox 34 3085 1346 3169; baseline -0.003 -18"><span class='ocrx_word' id='word_1_242' title='bbox 34 3090 172 3169; x_wconf 85' lang='lat' dir='ltr'><strong>deposita</strong></span> <span class='ocrx_word' id='word_1_243' title='bbox 200 3088 303 3163; x_wconf 85' lang='lat' dir='ltr'><strong>mitra,</strong></span> <span class='ocrx_word' id='word_1_244' title='bbox 330 3085 465 3146; x_wconf 90' lang='lat' dir='ltr'><strong>recondit</strong></span> <span class='ocrx_word' id='word_1_245' title='bbox 482 3095 661 3146; x_wconf 84' lang='lat' dir='ltr'><strong>veneranter</strong></span> <span class='ocrx_word' id='word_1_246' title='bbox 685 3086 833 3148; x_wconf 86' lang='lat' dir='ltr'><strong>vasculum</strong></span> <span class='ocrx_word' id='word_1_247' title='bbox 855 3088 950 3164; x_wconf 91' lang='lat' dir='ltr'><strong>ipsum</strong></span> <span class='ocrx_word' id='word_1_248' title='bbox 972 3104 1035 3147; x_wconf 90' lang='lat' dir='ltr'><strong>curu</strong></span> <span class='ocrx_word' id='word_1_249' title='bbox 1051 3086 1195 3168; x_wconf 85' lang='lat' dir='ltr'><strong>Rellqniis</strong></span> <span class='ocrx_word' id='word_1_250' title='bbox 1218 3087 1346 3163; x_wconf 79' lang='lat' dir='ltr'><strong>statiis,</strong></span> 
     </span>
     <span class='ocr_line' id='line_1_28' title="bbox 34 3185 1345 3275; baseline -0.003 -22"><span class='ocrx_word' id='word_1_251' title='bbox 34 3201 125 3275; x_wconf 91' lang='lat' dir='ltr'><strong>prout</strong></span> <span class='ocrx_word' id='word_1_252' title='bbox 139 3191 277 3251; x_wconf 84' lang='lat' dir='ltr'><strong>hesterna</strong></span> <span class='ocrx_word' id='word_1_253' title='bbox 291 3188 407 3268; x_wconf 83' lang='lat' dir='ltr'><strong>disper</strong></span> <span class='ocrx_word' id='word_1_254' title='bbox 422 3202 489 3247; x_wconf 84' lang='lat' dir='ltr'><strong>curn</strong></span> <span class='ocrx_word' id='word_1_255' title='bbox 502 3186 557 3246; x_wconf 88' lang='lat' dir='ltr'><strong>init</strong></span> <span class='ocrx_word' id='word_1_256' title='bbox 574 3185 751 3266; x_wconf 74' lang='lat' dir='ltr'><strong>sigillatum,</strong></span> <span class='ocrx_word' id='word_1_257' title='bbox 767 3190 796 3249; x_wconf 93' lang='lat' dir='ltr'><strong>in</strong></span> <span class='ocrx_word' id='word_1_258' title='bbox 813 3186 952 3267; x_wconf 88' lang='lat' dir='ltr'><strong>sepulcro</strong></span> <span class='ocrx_word' id='word_1_259' title='bbox 966 3188 1077 3263; x_wconf 82' lang='lat' dir='ltr'><strong>altaris,</strong></span> <span class='ocrx_word' id='word_1_260' title='bbox 1092 3189 1196 3269; x_wconf 89' lang='lat' dir='ltr'><strong>quibus</strong></span> <span class='ocrx_word' id='word_1_261' title='bbox 1211 3190 1345 3251; x_wconf 90' lang='lat' dir='ltr'><strong>recondi·</strong></span> 
     </span>
     <span class='ocr_line' id='line_1_29' title="bbox 34 3280 1347 3371; baseline -0.002 -14"><span class='ocrx_word' id='word_1_262' title='bbox 34 3298 85 3371; x_wconf 86' lang='lat' dir='ltr'><strong>tis,</strong></span> <span class='ocrx_word' id='word_1_263' title='bbox 100 3292 240 3354; x_wconf 78' lang='lat' dir='ltr'><strong>Pontifex</strong></span> <span class='ocrx_word' id='word_1_264' title='bbox 254 3286 499 3366; x_wconf 64' lang='lat' dir='ltr'><strong>incircumcisio</strong></span> <span class='ocrx_word' id='word_1_265' title='bbox 513 3296 714 3368; x_wconf 83' lang='lat' dir='ltr'><strong>prosequente</strong></span> <span class='ocrx_word' id='word_1_266' title='bbox 727 3289 939 3370; x_wconf 77' lang='lat' dir='ltr'><strong>Antiphonem:</strong></span> <span class='ocrx_word' id='word_1_267' title='bbox 960 3280 1031 3353; x_wconf 85' lang='lat' dir='ltr'><strong>Sub</strong></span> <span class='ocrx_word' id='word_1_268' title='bbox 1045 3282 1153 3353; x_wconf 83' lang='lat' dir='ltr'><strong>altare</strong></span> <span class='ocrx_word' id='word_1_269' title='bbox 1166 3280 1232 3354; x_wconf 85' lang='lat' dir='ltr'><strong>Dei</strong></span> <span class='ocrx_word' id='word_1_270' title='bbox 1245 3282 1347 3356; x_wconf 76' lang='lat' dir='ltr'><strong>sedes</strong></span> 
     </span>
     <span class='ocr_line' id='line_1_30' title="bbox 34 3381 1346 3482; baseline -0.002 -24"><span class='ocrx_word' id='word_1_271' title='bbox 34 3389 216 3482; x_wconf 84' lang='lat' dir='ltr'><strong>accepistis</strong></span> <span class='ocrx_word' id='word_1_272' title='bbox 244 3382 361 3458; x_wconf 90' lang='lat' dir='ltr'><strong>Sancti</strong></span> <span class='ocrx_word' id='word_1_273' title='bbox 387 3381 472 3471; x_wconf 76' lang='lat' dir='ltr'><strong>Dei,</strong></span> <span class='ocrx_word' id='word_1_274' title='bbox 500 3381 703 3453; x_wconf 89' lang='lat' dir='ltr'><strong>intercedite</strong></span> <span class='ocrx_word' id='word_1_275' title='bbox 733 3404 798 3480; x_wconf 93' lang='lat' dir='ltr'><strong>pro</strong></span> <span class='ocrx_word' id='word_1_276' title='bbox 830 3382 929 3457; x_wconf 87' lang='lat' dir='ltr'><strong>nobis</strong></span> <span class='ocrx_word' id='word_1_277' title='bbox 956 3384 999 3455; x_wconf 88' lang='lat' dir='ltr'><strong>ad</strong></span> <span class='ocrx_word' id='word_1_278' title='bbox 1025 3382 1206 3457; x_wconf 89' lang='lat' dir='ltr'><strong>Dominum</strong></span> <span class='ocrx_word' id='word_1_279' title='bbox 1233 3384 1346 3458; x_wconf 88' lang='lat' dir='ltr'><strong>lesum</strong></span> 
     </span>
    </p>
   </div>
   <div class='ocr_carea' id='block_1_7' title="bbox 30 3604 1347 4701">
    <p class='ocr_par' dir='ltr' id='par_1_8' title="bbox 30 3604 1347 4599">
     <span class='ocr_line' id='line_1_31' title="bbox 105 3604 1346 3683; baseline -0.005 -20"><span class='ocrx_word' id='word_1_280' title='bbox 105 3607 134 3683; x_wconf 94' lang='grc'><strong>1)</strong></span> <span class='ocrx_word' id='word_1_281' title='bbox 148 3606 231 3667; x_wconf 73' lang='lat' dir='ltr'><strong>itin.</strong></span> <span class='ocrx_word' id='word_1_282' title='bbox 248 3604 304 3675; x_wconf 86' lang='lat' dir='ltr'><strong>„lit</strong></span> <span class='ocrx_word' id='word_1_283' title='bbox 318 3622 398 3678; x_wconf 87' lang='lat' dir='ltr'><strong>quum</strong></span> <span class='ocrx_word' id='word_1_284' title='bbox 412 3606 539 3679; x_wconf 87' lang='lat' dir='ltr'><strong>peruenit</strong></span> <span class='ocrx_word' id='word_1_285' title='bbox 553 3605 587 3661; x_wconf 91' lang='lat' dir='ltr'><strong>ad</strong></span> <span class='ocrx_word' id='word_1_286' title='bbox 603 3605 693 3661; x_wconf 91' lang='lat' dir='ltr'><strong>locurn</strong></span> <span class='ocrx_word' id='word_1_287' title='bbox 705 3605 733 3661; x_wconf 94' lang='lat' dir='ltr'><strong>in</strong></span> <span class='ocrx_word' id='word_1_288' title='bbox 747 3621 802 3678; x_wconf 91' lang='lat' dir='ltr'><strong>quo</strong></span> <span class='ocrx_word' id='word_1_289' title='bbox 813 3604 945 3679; x_wconf 89' lang='lat' dir='ltr'><strong>reliquiae</strong></span> <span class='ocrx_word' id='word_1_290' title='bbox 957 3604 1147 3663; x_wconf 84' lang='lat' dir='ltr'><strong>recondendae</strong></span> <span class='ocrx_word' id='word_1_291' title='bbox 1158 3613 1219 3664; x_wconf 84' lang='lat' dir='ltr'><strong>aunt</strong></span> <span class='ocrx_word' id='word_1_292' title='bbox 1231 3611 1346 3660; x_wconf 73' lang='lat' dir='ltr'><strong>extenso</strong></span> 
     </span>
     <span class='ocr_line' id='line_1_32' title="bbox 31 3688 1346 3765; baseline -0.007 -14"><span class='ocrx_word' id='word_1_293' title='bbox 31 3694 97 3752; x_wconf 82' lang='lat' dir='ltr'><strong>nelo</strong></span> <span class='ocrx_word' id='word_1_294' title='bbox 113 3694 185 3749; x_wconf 89' lang='lat' dir='ltr'><strong>inter</strong></span> <span class='ocrx_word' id='word_1_295' title='bbox 199 3692 302 3748; x_wconf 86' lang='lat' dir='ltr'><strong>cierunt</strong></span> <span class='ocrx_word' id='word_1_296' title='bbox 317 3698 344 3746; x_wconf 85' lang='lat' dir='ltr'><strong>et</strong></span> <span class='ocrx_word' id='word_1_297' title='bbox 358 3691 485 3764; x_wconf 86' lang='lat' dir='ltr'><strong>populum</strong></span> <span class='ocrx_word' id='word_1_298' title='bbox 501 3698 563 3748; x_wconf 80' lang='lat' dir='ltr'><strong>ante</strong></span> <span class='ocrx_word' id='word_1_299' title='bbox 577 3692 673 3749; x_wconf 76' lang='lat' dir='ltr'><strong>Altera</strong></span> <span class='ocrx_word' id='word_1_300' title='bbox 687 3690 839 3764; x_wconf 79' lang='lat' dir='ltr'><strong>Episcopus</strong></span> <span class='ocrx_word' id='word_1_301' title='bbox 854 3700 939 3765; x_wconf 86' lang='lat' dir='ltr'><strong>ponat</strong></span> <span class='ocrx_word' id='word_1_302' title='bbox 953 3691 1074 3749; x_wconf 76' lang='lat' dir='ltr'><strong>cuneum</strong></span> <span class='ocrx_word' id='word_1_303' title='bbox 1091 3692 1166 3748; x_wconf 87' lang='lat' dir='ltr'><strong>etc.“</strong></span> <span class='ocrx_word' id='word_1_304' title='bbox 1206 3691 1262 3745; x_wconf 85' lang='lat' dir='ltr'><strong>liat</strong></span> <span class='ocrx_word' id='word_1_305' title='bbox 1280 3688 1346 3743; x_wconf 90' lang='lat' dir='ltr'><strong>reli-</strong></span> 
     </span>
     <span class='ocr_line' id='line_1_33' title="bbox 32 3774 1344 3854; baseline -0.006 -19"><span class='ocrx_word' id='word_1_306' title='bbox 32 3780 112 3854; x_wconf 88' lang='lat' dir='ltr'><strong>quias</strong></span> <span class='ocrx_word' id='word_1_307' title='bbox 133 3777 213 3836; x_wconf 89' lang='lat' dir='ltr'><strong>condi</strong></span> <span class='ocrx_word' id='word_1_308' title='bbox 235 3777 309 3834; x_wconf 88' lang='lat' dir='ltr'><strong>iubet</strong></span> <span class='ocrx_word' id='word_1_309' title='bbox 325 3776 357 3832; x_wconf 90' lang='lat' dir='ltr'><strong>iu</strong></span> <span class='ocrx_word' id='word_1_310' title='bbox 374 3777 622 3834; x_wconf 74' lang='lat' dir='ltr'><strong>Conuersione</strong></span> <span class='ocrx_word' id='word_1_311' title='bbox 636 3776 654 3831; x_wconf 88' lang='lat' dir='ltr'><strong>i.</strong></span> <span class='ocrx_word' id='word_1_312' title='bbox 674 3794 699 3833; x_wconf 91' lang='lat' dir='ltr'><strong>e.</strong></span> <span class='ocrx_word' id='word_1_313' title='bbox 713 3776 741 3832; x_wconf 90' lang='lat' dir='ltr'><strong>in</strong></span> <span class='ocrx_word' id='word_1_314' title='bbox 757 3778 821 3833; x_wconf 90' lang='lat' dir='ltr'><strong>ioco</strong></span> <span class='ocrx_word' id='word_1_315' title='bbox 837 3784 935 3835; x_wconf 84' lang='lat' dir='ltr'><strong>cavate</strong></span> <span class='ocrx_word' id='word_1_316' title='bbox 949 3778 1044 3834; x_wconf 89' lang='lat' dir='ltr'><strong>subtus</strong></span> <span class='ocrx_word' id='word_1_317' title='bbox 1058 3778 1154 3835; x_wconf 86' lang='lat' dir='ltr'><strong>altare.</strong></span> <span class='ocrx_word' id='word_1_318' title='bbox 1184 3775 1311 3831; x_wconf 86' lang='lat' dir='ltr'><strong>Binterim</strong></span> <span class='ocrx_word' id='word_1_319' title='bbox 1326 3774 1344 3829; x_wconf 91' lang='lat' dir='ltr'><strong>l.</strong></span> 
     </span>
     <span class='ocr_line' id='line_1_34' title="bbox 32 3858 1346 3937; baseline -0.006 -16"><span class='ocrx_word' id='word_1_320' title='bbox 32 3882 58 3921; x_wconf 91' lang='lat' dir='ltr'><strong>c.</strong></span> <span class='ocrx_word' id='word_1_321' title='bbox 75 3882 104 3937; x_wconf 89' lang='lat' dir='ltr'><strong>p.</strong></span> <span class='ocrx_word' id='word_1_322' title='bbox 117 3864 167 3919; x_wconf 79' lang='lat'><strong>35:</strong></span> <span class='ocrx_word' id='word_1_323' title='bbox 189 3863 238 3919; x_wconf 88' lang='lat' dir='ltr'><strong>ilie</strong></span> <span class='ocrx_word' id='word_1_324' title='bbox 256 3861 360 3919; x_wconf 84' lang='lat' dir='ltr'><strong>Griber</strong></span> <span class='ocrx_word' id='word_1_325' title='bbox 383 3861 431 3917; x_wconf 89' lang='lat' dir='ltr'><strong>der</strong></span> <span class='ocrx_word' id='word_1_326' title='bbox 447 3860 587 3933; x_wconf 85' lang='lat' dir='ltr'><strong>licliquien</strong></span> <span class='ocrx_word' id='word_1_327' title='bbox 610 3862 690 3932; x_wconf 79' lang='lat' dir='ltr'><strong>lagen</strong></span> <span class='ocrx_word' id='word_1_328' title='bbox 708 3878 742 3917; x_wconf 88' lang='lat' dir='ltr'><strong>an</strong></span> <span class='ocrx_word' id='word_1_329' title='bbox 760 3861 809 3917; x_wconf 87' lang='lat' dir='ltr'><strong>der</strong></span> <span class='ocrx_word' id='word_1_330' title='bbox 826 3860 1002 3920; x_wconf 88' lang='lat' dir='ltr'><strong>Vorderscite</strong></span> <span class='ocrx_word' id='word_1_331' title='bbox 1017 3861 1065 3919; x_wconf 84' lang='lat' dir='ltr'><strong>des</strong></span> <span class='ocrx_word' id='word_1_332' title='bbox 1079 3862 1189 3918; x_wconf 77' lang='lat' dir='ltr'><strong>ditares</strong></span> <span class='ocrx_word' id='word_1_333' title='bbox 1204 3866 1282 3914; x_wconf 89' lang='lat' dir='ltr'><strong>unter</strong></span> <span class='ocrx_word' id='word_1_334' title='bbox 1297 3858 1346 3915; x_wconf 87' lang='lat' dir='ltr'><strong>der</strong></span> 
     </span>
     <span class='ocr_line' id='line_1_35' title="bbox 30 3942 1345 4018; baseline -0.005 -13"><span class='ocrx_word' id='word_1_335' title='bbox 30 3948 106 4005; x_wconf 86' lang='lat' dir='ltr'><strong>llrde</strong></span> <span class='ocrx_word' id='word_1_336' title='bbox 124 3949 192 4005; x_wconf 88' lang='lat' dir='ltr'><strong>oder</strong></span> <span class='ocrx_word' id='word_1_337' title='bbox 206 3946 234 4002; x_wconf 92' lang='lat' dir='ltr'><strong>in</strong></span> <span class='ocrx_word' id='word_1_338' title='bbox 250 3946 301 4003; x_wconf 87' lang='lat' dir='ltr'><strong>der</strong></span> <span class='ocrx_word' id='word_1_339' title='bbox 316 3946 402 4017; x_wconf 80' lang='lat' dir='ltr'><strong>Ticis,</strong></span> <span class='ocrx_word' id='word_1_340' title='bbox 418 3962 463 4002; x_wconf 83' lang='lat' dir='ltr'><strong>wc</strong></span> <span class='ocrx_word' id='word_1_341' title='bbox 479 3946 654 4002; x_wconf 84' lang='lat' dir='ltr'><strong>derl‘ricster</strong></span> <span class='ocrx_word' id='word_1_342' title='bbox 668 3962 727 4001; x_wconf 86' lang='lat' dir='ltr'><strong>num</strong></span> <span class='ocrx_word' id='word_1_343' title='bbox 736 3946 830 4004; x_wconf 79' lang='lat' dir='ltr'><strong>Altero</strong></span> <span class='ocrx_word' id='word_1_344' title='bbox 843 3946 1076 4017; x_wconf 80' lang='lat' dir='ltr'><strong>hiuauinusteigen</strong></span> <span class='ocrx_word' id='word_1_345' title='bbox 1092 3946 1203 4018; x_wconf 76' lang='lat' dir='ltr'><strong>pdegte.</strong></span> <span class='ocrx_word' id='word_1_346' title='bbox 1232 3944 1271 3998; x_wconf 88' lang='lat' dir='ltr'><strong>lm</strong></span> <span class='ocrx_word' id='word_1_347' title='bbox 1282 3942 1345 3999; x_wconf 74' lang='lat' dir='ltr'><strong>iiten</strong></span> 
     </span>
     <span class='ocr_line' id='line_1_36' title="bbox 30 4028 1346 4101; baseline -0.005 -11"><span class='ocrx_word' id='word_1_348' title='bbox 30 4034 122 4091; x_wconf 88' lang='lat' dir='ltr'><strong>lahrh.</strong></span> <span class='ocrx_word' id='word_1_349' title='bbox 145 4032 266 4088; x_wconf 87' lang='lat' dir='ltr'><strong>erluubte</strong></span> <span class='ocrx_word' id='word_1_350' title='bbox 282 4031 347 4087; x_wconf 89' lang='lat' dir='ltr'><strong>aber</strong></span> <span class='ocrx_word' id='word_1_351' title='bbox 362 4030 484 4101; x_wconf 78' lang='lat' dir='ltr'><strong>Lucili,</strong></span> <span class='ocrx_word' id='word_1_352' title='bbox 507 4031 571 4088; x_wconf 87' lang='lat' dir='ltr'><strong>dass</strong></span> <span class='ocrx_word' id='word_1_353' title='bbox 585 4031 626 4088; x_wconf 88' lang='lat' dir='ltr'><strong>sie</strong></span> <span class='ocrx_word' id='word_1_354' title='bbox 641 4031 709 4085; x_wconf 86' lang='lat' dir='ltr'><strong>auch</strong></span> <span class='ocrx_word' id='word_1_355' title='bbox 723 4032 759 4087; x_wconf 90' lang='lat' dir='ltr'><strong>inr</strong></span> <span class='ocrx_word' id='word_1_356' title='bbox 773 4032 930 4089; x_wconf 85' lang='lat' dir='ltr'><strong>Obertlreile</strong></span> <span class='ocrx_word' id='word_1_357' title='bbox 946 4031 995 4088; x_wconf 87' lang='lat' dir='ltr'><strong>des</strong></span> <span class='ocrx_word' id='word_1_358' title='bbox 1008 4033 1136 4100; x_wconf 75' lang='lat' dir='ltr'><strong>Alteros,</strong></span> <span class='ocrx_word' id='word_1_359' title='bbox 1160 4028 1279 4084; x_wconf 86' lang='lat' dir='ltr'><strong>welches</strong></span> <span class='ocrx_word' id='word_1_360' title='bbox 1294 4029 1346 4084; x_wconf 85' lang='lat' dir='ltr'><strong>uir</strong></span> 
     </span>
     <span class='ocr_line' id='line_1_37' title="bbox 31 4113 1347 4190; baseline -0.005 -15"><span class='ocrx_word' id='word_1_361' title='bbox 31 4120 105 4175; x_wconf 88' lang='lat' dir='ltr'><strong>noclr</strong></span> <span class='ocrx_word' id='word_1_362' title='bbox 119 4117 330 4190; x_wconf 86' lang='lat' dir='ltr'><strong>Sepulcrum</strong></span> <span class='ocrx_word' id='word_1_363' title='bbox 347 4132 469 4186; x_wconf 86' lang='lat' dir='ltr'><strong>nemeen,</strong></span> <span class='ocrx_word' id='word_1_364' title='bbox 487 4118 608 4174; x_wconf 80' lang='lat' dir='ltr'><strong>ludentem</strong></span> <span class='ocrx_word' id='word_1_365' title='bbox 623 4116 719 4186; x_wconf 66' lang='lat' dir='ltr'><strong>gelent</strong></span> <span class='ocrx_word' id='word_1_366' title='bbox 733 4116 854 4175; x_wconf 84' lang='lat' dir='ltr'><strong>werden.</strong></span> <span class='ocrx_word' id='word_1_367' title='bbox 884 4118 960 4174; x_wconf 87' lang='lat' dir='ltr'><strong>[toclr</strong></span> <span class='ocrx_word' id='word_1_368' title='bbox 974 4116 1069 4171; x_wconf 82' lang='lat' dir='ltr'><strong>warda</strong></span> <span class='ocrx_word' id='word_1_369' title='bbox 1084 4113 1154 4169; x_wconf 86' lang='lat' dir='ltr'><strong>noclr</strong></span> <span class='ocrx_word' id='word_1_370' title='bbox 1170 4114 1251 4185; x_wconf 79' lang='lat' dir='ltr'><strong>lange</strong></span> <span class='ocrx_word' id='word_1_371' title='bbox 1266 4114 1347 4169; x_wconf 88' lang='lat' dir='ltr'><strong>naclr·</strong></span> 
     </span>
     <span class='ocr_line' id='line_1_38' title="bbox 31 4199 1346 4272; baseline -0.004 -12"><span class='ocrx_word' id='word_1_372' title='bbox 31 4204 82 4260; x_wconf 89' lang='lat' dir='ltr'><strong>her</strong></span> <span class='ocrx_word' id='word_1_373' title='bbox 103 4204 131 4260; x_wconf 89' lang='lat' dir='ltr'><strong>in</strong></span> <span class='ocrx_word' id='word_1_374' title='bbox 156 4203 298 4259; x_wconf 87' lang='lat' dir='ltr'><strong>mehrercn</strong></span> <span class='ocrx_word' id='word_1_375' title='bbox 314 4202 466 4259; x_wconf 84' lang='lat' dir='ltr'><strong>l’rovinnen</strong></span> <span class='ocrx_word' id='word_1_376' title='bbox 479 4202 529 4258; x_wconf 89' lang='lat' dir='ltr'><strong>der</strong></span> <span class='ocrx_word' id='word_1_377' title='bbox 543 4202 598 4258; x_wconf 90' lang='lat' dir='ltr'><strong>alte</strong></span> <span class='ocrx_word' id='word_1_378' title='bbox 612 4200 717 4257; x_wconf 84' lang='lat' dir='ltr'><strong>Brauclr</strong></span> <span class='ocrx_word' id='word_1_379' title='bbox 735 4201 925 4272; x_wconf 84' lang='lat' dir='ltr'><strong>beibelualten‚</strong></span> <span class='ocrx_word' id='word_1_380' title='bbox 941 4201 1008 4257; x_wconf 77' lang='lat' dir='ltr'><strong>weil</strong></span> <span class='ocrx_word' id='word_1_381' title='bbox 1020 4200 1136 4270; x_wconf 71' lang='lat' dir='ltr'><strong>Einigen</strong></span> <span class='ocrx_word' id='word_1_382' title='bbox 1151 4199 1227 4257; x_wconf 79' lang='lat' dir='ltr'><strong>dicre</strong></span> <span class='ocrx_word' id='word_1_383' title='bbox 1242 4200 1346 4255; x_wconf 86' lang='lat' dir='ltr'><strong>Benen-</strong></span> 
     </span>
     <span class='ocr_line' id='line_1_39' title="bbox 32 4284 1345 4359; baseline -0.004 -15"><span class='ocrx_word' id='word_1_384' title='bbox 32 4305 108 4359; x_wconf 79' lang='lat' dir='ltr'><strong>nung</strong></span> <span class='ocrx_word' id='word_1_385' title='bbox 127 4288 200 4343; x_wconf 89' lang='lat' dir='ltr'><strong>nicht</strong></span> <span class='ocrx_word' id='word_1_386' title='bbox 223 4287 315 4357; x_wconf 76' lang='lat' dir='ltr'><strong>gellcl.</strong></span> <span class='ocrx_word' id='word_1_387' title='bbox 344 4288 435 4358; x_wconf 77' lang='lat' dir='ltr'><strong>Sogar</strong></span> <span class='ocrx_word' id='word_1_388' title='bbox 454 4288 557 4344; x_wconf 81' lang='lat' dir='ltr'><strong>erathii</strong></span> <span class='ocrx_word' id='word_1_389' title='bbox 573 4286 637 4342; x_wconf 86' lang='lat' dir='ltr'><strong>Otto</strong></span> <span class='ocrx_word' id='word_1_390' title='bbox 654 4303 679 4342; x_wconf 89' lang='lat' dir='ltr'><strong>v.</strong></span> <span class='ocrx_word' id='word_1_391' title='bbox 697 4286 792 4355; x_wconf 75' lang='lat' dir='ltr'><strong>Cluuq,</strong></span> <span class='ocrx_word' id='word_1_392' title='bbox 809 4285 1193 4343; x_wconf 78' lang='lat' dir='ltr'><strong>1.in.ncotlat.u.trldiet1.</strong></span> <span class='ocrx_word' id='word_1_393' title='bbox 1210 4284 1345 4355; x_wconf 78' lang='lat' dir='ltr'><strong>Wallturg</strong></span> 
     </span>
     <span class='ocr_line' id='line_1_40' title="bbox 32 4368 1346 4442; baseline -0.004 -12"><span class='ocrx_word' id='word_1_394' title='bbox 32 4374 73 4430; x_wconf 88' lang='lat' dir='ltr'><strong>sci</strong></span> <span class='ocrx_word' id='word_1_395' title='bbox 99 4374 187 4430; x_wconf 83' lang='lat' dir='ltr'><strong>cinam</strong></span> <span class='ocrx_word' id='word_1_396' title='bbox 202 4372 331 4427; x_wconf 82' lang='lat' dir='ltr'><strong>Kranluen</strong></span> <span class='ocrx_word' id='word_1_397' title='bbox 356 4373 517 4431; x_wconf 83' lang='lat' dir='ltr'><strong>erschieneu</strong></span> <span class='ocrx_word' id='word_1_398' title='bbox 532 4372 584 4427; x_wconf 93' lang='lat' dir='ltr'><strong>und</strong></span> <span class='ocrx_word' id='word_1_399' title='bbox 600 4372 670 4426; x_wconf 86' lang='lat' dir='ltr'><strong>habe</strong></span> <span class='ocrx_word' id='word_1_400' title='bbox 685 4378 800 4442; x_wconf 79' lang='lat' dir='ltr'><strong>gesagt:</strong></span> <span class='ocrx_word' id='word_1_401' title='bbox 823 4372 977 4441; x_wconf 79' lang='lat' dir='ltr'><strong>lleswcgen</strong></span> <span class='ocrx_word' id='word_1_402' title='bbox 997 4368 1101 4425; x_wconf 84' lang='lat' dir='ltr'><strong>nerdet</strong></span> <span class='ocrx_word' id='word_1_403' title='bbox 1117 4371 1159 4425; x_wconf 85' lang='lat' dir='ltr'><strong>ilur</strong></span> <span class='ocrx_word' id='word_1_404' title='bbox 1174 4370 1246 4426; x_wconf 89' lang='lat' dir='ltr'><strong>niciut</strong></span> <span class='ocrx_word' id='word_1_405' title='bbox 1261 4386 1346 4439; x_wconf 76' lang='lat' dir='ltr'><strong>peue-</strong></span> 
     </span>
     <span class='ocr_line' id='line_1_41' title="bbox 32 4454 1346 4528; baseline -0.004 -13"><span class='ocrx_word' id='word_1_406' title='bbox 32 4476 97 4528; x_wconf 83' lang='lat' dir='ltr'><strong>sen,</strong></span> <span class='ocrx_word' id='word_1_407' title='bbox 121 4458 184 4513; x_wconf 82' lang='lat' dir='ltr'><strong>weil</strong></span> <span class='ocrx_word' id='word_1_408' title='bbox 201 4456 289 4512; x_wconf 88' lang='lat' dir='ltr'><strong>meine</strong></span> <span class='ocrx_word' id='word_1_409' title='bbox 305 4454 444 4526; x_wconf 89' lang='lat' dir='ltr'><strong>lleliquien</strong></span> <span class='ocrx_word' id='word_1_410' title='bbox 459 4460 506 4514; x_wconf 90' lang='lat' dir='ltr'><strong>aui</strong></span> <span class='ocrx_word' id='word_1_411' title='bbox 519 4458 579 4515; x_wconf 87' lang='lat' dir='ltr'><strong>dem</strong></span> <span class='ocrx_word' id='word_1_412' title='bbox 594 4456 672 4513; x_wconf 77' lang='lat' dir='ltr'><strong>Alter</strong></span> <span class='ocrx_word' id='word_1_413' title='bbox 686 4456 796 4528; x_wconf 79' lang='lat' dir='ltr'><strong>lingua,</strong></span> <span class='ocrx_word' id='word_1_414' title='bbox 810 4472 856 4514; x_wconf 81' lang='lat' dir='ltr'><strong>wo</strong></span> <span class='ocrx_word' id='word_1_415' title='bbox 870 4457 951 4513; x_wconf 89' lang='lat' dir='ltr'><strong>aliein</strong></span> <span class='ocrx_word' id='word_1_416' title='bbox 967 4454 1016 4513; x_wconf 89' lang='lat' dir='ltr'><strong>das</strong></span> <span class='ocrx_word' id='word_1_417' title='bbox 1031 4456 1163 4526; x_wconf 78' lang='lat' dir='ltr'><strong>qntttictue</strong></span> <span class='ocrx_word' id='word_1_418' title='bbox 1178 4455 1346 4511; x_wconf 80' lang='lat' dir='ltr'><strong>deheimniss</strong></span> 
     </span>
     <span class='ocr_line' id='line_1_42' title="bbox 33 4539 398 4599; baseline -0.019 0"><span class='ocrx_word' id='word_1_419' title='bbox 33 4543 98 4599; x_wconf 87' lang='lat' dir='ltr'><strong>dari</strong></span> <span class='ocrx_word' id='word_1_420' title='bbox 111 4544 259 4598; x_wconf 86' lang='lat' dir='ltr'><strong>uerrichtet</strong></span> <span class='ocrx_word' id='word_1_421' title='bbox 274 4539 398 4595; x_wconf 83' lang='lat' dir='ltr'><strong>werden.</strong></span> 
     </span>
    </p>

    <p class='ocr_par' dir='ltr' id='par_1_9' title="bbox 102 4624 505 4701">
     <span class='ocr_line' id='line_1_43' title="bbox 102 4624 505 4701; baseline -0.017 -15"><span class='ocrx_word' id='word_1_422' title='bbox 102 4628 182 4701; x_wconf 81' lang='lat' dir='ltr'><strong>u)tl.</strong></span> <span class='ocrx_word' id='word_1_423' title='bbox 201 4624 505 4698; x_wconf 80' lang='lat' dir='ltr'><strong>quaesupplicat.</strong></span> 
     </span>
    </p>
   </div>
   <div class='ocr_carea' id='block_1_8' title="bbox 1096 4714 1138 4774">
    <p class='ocr_par' dir='ltr' id='par_1_10' title="bbox 1096 4714 1138 4774">
     <span class='ocr_line' id='line_1_44' title="bbox 1096 4714 1138 4774; baseline -0.024 0"><span class='ocrx_word' id='word_1_424' title='bbox 1096 4714 1138 4774; x_wconf 72' lang='lat'><strong>26</strong></span> 
     </span>
    </p>
   </div>
   <div class='ocr_carea' id='block_1_9' title="bbox 0 0 1528 4942">
    <p class='ocr_par' dir='ltr' id='par_1_11' title="bbox 0 0 1528 4942">
     <span class='ocr_line' id='line_1_45' title="bbox 0 0 1528 4942; baseline 0 1"><span class='ocrx_word' id='word_1_425' title='bbox 0 0 1528 4942; x_wconf 95' lang='lat' dir='ltr'><strong> </strong></span> 
     </span>
    </p>
   </div>
  </div>
 </body>
</html>
