3046 4942
657 295 729 366 ³91

141 487 257 550 Deinde
277 487 309 548 llt
318 488 488 567 processio.
502 510 504 515 ⁸
528 483 568 547 Et
583 487 677 567 primo
694 486 857 550 Golabrans
870 487 995 567 imponit
1007 488 1157 548 lncansnm
1170 489 1199 550 in
1213 488 1342 552 thnribu-

35 590 117 653 lon:
137 600 241 671 postes
256 589 405 651 Diaconue
424 595 544 650 vertens
567 607 602 650 se
624 589 658 651 ad
673 590 814 671 populum
828 590 920 653 dlcnt:
947 579 1174 654 Prooedumus
1192 582 1227 652 in
1247 604 1343 679 pace.

36 684 77 754 Et
92 690 205 755 Ghorns
220 689 400 772 respondet:
413 739 415 744 .
426 679 467 751 In
485 683 620 752 nomine
645 679 777 755 Christi.
804 682 943 754 ‘Amen

60 840 63 847 ·
144 794 298 858 Praecedit
313 793 514 854 thuriferarius
529 811 592 854 enm
608 793 755 855 tbnrlbnlo
769 795 943 874 fumigante:
962 791 1068 855 deinde
1078 790 1282 854 Snbdiaconns
1294 810 1345 872 pa·

37 906 140 974 retus,
163 897 304 958 deterens
325 913 460 973 crucem,
480 894 592 956 medius
607 898 685 957 inter
700 898 773 960 duos
790 897 952 975 hcolythos
967 910 1033 956 cnm
1047 895 1229 956 candelabris
1243 911 1345 957 accen·

37 1001 97 1060 sis:
120 1003 253 1079 seqnitur
274 997 369 1058 oleras
390 1015 444 1078 per
466 996 614 1076 ordinem,
634 1000 740 1061 ultimo
761 1000 922 1061 Celebrans
941 1018 1005 1060 cam
1019 996 1150 1058 Diacono
1171 1016 1188 1058 a
1207 998 1346 1076 sinistrius

37 1119 145 1164 omnes
160 1121 223 1162 cnm
240 1098 368 1160 candelis
387 1102 520 1162 accensis
536 1102 566 1161 in
580 1102 710 1163 munibus
728 1110 757 1163 el
772 1112 925 1164 cantantur
940 1099 1127 1180 Antiphonae
1139 1110 1322 1181 sequentes:-

143 1194 285 1265 Adorna
318 1190 501 1264 thalamum
516 1228 520 1237 ¹
536 1203 629 1265 tunm
663 1195 748 1267 Sion
782 1204 816 1267 el
848 1197 985 1290 suscipe
1012 1215 1131 1286 regem
1159 1191 1345 1265 Christum:

38 1295 247 1391 amplectere
268 1292 423 1384 Mariam,
445 1318 532 1390 quae
555 1307 608 1368 est
627 1297 787 1371 coelestis
808 1306 925 1393 porta:
951 1299 1025 1393 ipsa
1048 1299 1137 1367 enim
1158 1305 1271 1391 portat
1292 1318 1346 1371 re-

39 1420 121 1492 gem
141 1399 273 1491 gloriae
295 1400 378 1468 novi
397 1397 549 1470 luminis:
573 1398 723 1472 subsistit
743 1402 859 1492 virgo,
880 1398 1053 1473 adducens
1072 1398 1227 1471 manibus
1242 1395 1348 1471 lilium

40 1510 119 1571 aule
137 1499 317 1572 luciferum
334 1502 485 1591 genitum
503 1522 603 1597 quem
622 1503 794 1597 accipiens
813 1500 978 1572 Simeon
969 1521 1003 1570 ιιι
1019 1498 1117 1573 ulnas
1136 1522 1229 1588 suas,
1248 1522 1359 1596 prae·

41 1602 168 1675 dicavit
193 1602 328 1698 populis
347 1600 528 1694 Dominum
551 1624 628 1673 eum
651 1624 731 1674 esse
756 1605 849 1674 vilae
876 1611 911 1673 et
936 1604 1054 1675 mortis
1076 1613 1111 1672 ot
1131 1600 1348 1674 Salinatorem

39 1705 165 1777 mundi

143 1805 360 1901 Responsum
381 1807 513 1901 accepit
532 1803 671 1877 Simeon
690 1827 710 1874 a
732 1803 859 1901 Spiritu
882 1803 1022 1890 Sancto,
1048 1823 1117 1874 non
1139 1804 1291 1875 visurum
1308 1824 1349 1876 se

39 1919 199 1998 mortem,
222 1909 288 1978 nisi
309 1906 443 1978 videret
466 1906 635 1981 Christum
657 1906 811 1978 Domini:
834 1917 869 1978 et
889 1929 965 1978 cum
986 1904 1186 1977 inducerent
1206 1926 1349 2001 puerum

39 2013 76 2082 in
103 2009 278 2105 templum,
303 2013 436 2105 accepit
458 2033 535 2082 enm
554 2013 590 2081 in
614 2009 713 2081 ulnas
739 2032 820 2084 suas
847 2020 880 2081 et
906 2007 1080 2081 benedixit
1101 2006 1211 2078 Deum
1239 2017 1274 2079 et
1299 2006 1348 2079 di·

40 2115 113 2186 xit:
137 2109 237 2183 Nunc
257 2110 391 2183 dimittis
413 2135 550 2185 servum
572 2124 665 2184 tuum
687 2111 834 2184 Domine
855 2115 889 2183 in
911 2133 1006 2207 pace.
1044 2108 1128 2181 Cum
1148 2109 1359 2182 inducerent·

42 2234 186 2310 puerum
206 2212 317 2286 lesum
336 2215 372 2283 in
389 2216 556 2312 templum
567 2224 727 2310 parentes
746 2217 819 2286 eius
836 2225 873 2285 ut
889 2213 1043 2285 iacerent
1060 2211 1247 2285 secundum
1266 2234 1347 2285 cou-
1373 2268 1374 2272 ,

43 2315 256 2389 suetudinem
283 2316 373 2408 legis
397 2338 461 2411 pro
489 2339 550 2407 eo,
576 2319 651 2411 ipse
674 2318 805 2411 acecpit
832 2337 908 2386 eum
935 2318 970 2385 in
990 2314 1087 2385 ulnas
1114 2335 1203 2387 snas.

143 2426 181 2487 lit
196 2426 389 2506 ingrediendo
405 2428 559 2488 ecclesiam
574 2435 718 2486 cantator:
746 2415 949 2489 0blulerunt
969 2436 1031 2511 pro
1055 2434 1097 2485 eo
1118 2414 1264 2486 Domino
1285 2439 1348 2511 par

43 2529 232 2610 turturum,
259 2530 316 2591 ant
338 2519 423 2593 dnos
451 2519 565 2615 pullos
584 2517 828 2607 columbarum,
852 2520 939 2591 sicut
957 2518 1118 2611 scriptum
1141 2519 1245 2587 estin
1268 2515 1348 2609 loge

41 2622 188 2694 Domini.
233 2622 415 2716 Postquam
439 2622 566 2717 impleti
588 2631 666 2694 sunt
688 2620 762 2693 dies
782 2621 992 2716 purgationis
1010 2615 1140 2689 Mariae
1160 2617 1348 2689 seeundum

41 2725 157 2818 legem
174 2723 288 2820 Moysi
307 2724 457 2796 tulerunt
473 2723 586 2797 lesum
607 2726 641 2794 in
658 2722 846 2796 Ierusalem
863 2733 899 2795 ut
916 2726 1076 2797 sisterent
1093 2741 1171 2792 enm
1188 2720 1345 2793 Domino.
1403 2795 1406 2799 ,

41 2826 140 2901 Sient
162 2830 331 2921 scriptum.
379 2827 496 2901 Gloria
515 2828 608 2899 Patri
631 2837 694 2898 eto.
741 2824 836 2898 Sicut
856 2821 1066 2921 scriptum.¹)

145 2935 241 2997 Finita
256 2936 468 3013 Processiono,
490 2936 651 3000 Celebrans
671 2947 701 2998 et
726 2940 867 3012 ministri,
888 2938 1030 3017 depositis
1046 2935 1188 2996 violaceis
1201 2935 1348 3014 accipiant

40 3045 214 3121 paramenta
233 3036 299 3096 alba
320 3056 373 3117 pro
400 3042 496 3100 missa.
524 3040 561 3099 Et
575 3039 714 3100 candelae
728 3049 865 3099 tenentur
879 3041 908 3100 in
923 3039 1054 3099 manibus
1068 3054 1208 3099 accensae
1225 3035 1291 3097 dum
1305 3035 1347 3098 lo·

39 3144 125 3221 gitur
141 3138 334 3216 Evangelinm
354 3141 498 3200 etiterum
514 3141 549 3200 ad
561 3141 756 3202 elevationem
765 3142 944 3202 Sacramenti
953 3140 1088 3220 usquead
1099 3139 1347 3202 communionem.

607 3325 795 3335 -n-——n——n-

40 3494 109 3571 lv.
130 3497 408 3573 BENEDIOTIO
428 3499 632 3575 CINERUM
651 3504 699 3576 IN
716 3502 858 3575 FERIA
877 3490 1069 3588 QUART'A
1089 3495 1346 3601 etintendit)
1364 3540 1367 3545 ·

453 3637 518 3710 Ex
542 3638 711 3715 blissali
735 3642 934 3714 Romano.
1392 3637 1400 3655 ‘

145 3780 221 3840 Ante
243 3783 359 3842 missam
379 3782 591 3846 benedicuntur
610 3789 725 3849 cineres
743 3789 812 3850 lacti
838 3788 874 3850 de
893 3787 979 3849 ramis
994 3787 1134 3847 olivarnm
1149 3784 1213 3844 sive
1227 3780 1347 3841 aliarum

44 3881 180 3942 arborum
194 3884 384 3963 praecedenti
399 3903 476 3947 anno
488 3887 652 3951 benedictis
667 3891 724 3953 hoc
740 3891 842 3953 modo:

44 4017 252 4031 -α-ρ--ο-

114 4080 299 4154 l)budecns‘
291 4099 317 4137 ιιι
334 4082 383 4138 llis
378 4082 449 4138 sali:
465 4083 519 4140 llas
533 4085 674 4141 cantiones
684 4102 776 4141 omnes
786 4077 1347 4156 cumpiaeetexsncrnscriptnradeprom-

42 4173 87 4222 tae
108 4165 177 4234 sint,
196 4167 224 4220 in
239 4166 395 4238 quibusdam
410 4168 490 4224 etiam
505 4170 629 4226 ecclesiis
645 4170 844 4244 parochialibus
857 4177 920 4225 aute
935 4184 1040 4225 sacrum
1056 4166 1157 4222 llissne
1168 4164 1284 4221 cilicium
1299 4165 1347 4219 nd·

42 4252 95 4307 huo
110 4258 255 4320 canantur,
271 4251 367 4306 ordine
382 4252 515 4310 subiunxi.

113 4334 144 4411 2)
160 4336 243 4391 llecte
258 4335 445 4394 Gerbertuab.
461 4340 495 4394 Α.
511 4339 534 4394 ll
542 4356 598 4411 ‚.p
616 4339 681 4395 626.
704 4338 883 4411 „Benedictio
899 4338 1017 4393 cinerum
1032 4336 1059 4391 in
1074 4334 1185 4406 eapite'
1177 4332 1269 4397 reinair
1262 4333 1348 4389 reli-

42 4428 87 4476 etn
104 4421 184 4477 nobis
200 4427 242 4477 est
256 4436 291 4475 ex
309 4420 449 4493 disciplina
464 4424 551 4480 veteri
567 4382 767 4495 poenitentiae,
784 4423 901 4496 olimque
917 4423 951 4478 nd
966 4421 1042 4478 solos
1056 4416 1348 4493 publice'poenitentes

40 4505 191 4579 pertinuit,
212 4513 240 4561 ut
254 4521 289 4560 ex
305 4505 444 4575 Reginone
459 4525 504 4580 qni
517 4504 708 4566 collectionem
725 4527 799 4567 snum
814 4526 853 4566 sc
869 4508 906 4565 tx
923 4507 988 4565 leoit
996 4512 1104 4605 ‚patet
1134 4502 1271 4561 Paullatim
1288 4505 1349 4577 ple·

40 4598 101 4648 tate
117 4590 237 4662 insignes
251 4589 436 4663 primumcum
452 4593 560 4664 publico
574 4596 773 4667 poenitentibus
789 4611 895 4652 snorum
910 4596 990 4653 etiam
1005 4593 1121 4650 cinerem
1135 4590 1234 4665 impons
1225 4588 1308 4673 sibi

1073 4679 1147 4744 ‘27
