3046 4942
698 322 770 394 sti

72 500 130 573 De
143 499 329 597 profundis.
362 511 427 574 lton
446 510 553 574 dicitur
567 499 694 587 Gloria,
724 503 872 576 Domine
893 502 1028 574 exaudi.
1060 510 1127 575 iton
1142 513 1247 577 ticitm
1260 503 1388 579 Gloria.

73 612 191 689 Quibus
205 612 294 674 linitis
307 613 448 676 Pondlex
462 623 544 675 stans
558 622 626 675 unte
639 616 733 694 ipsam
748 632 866 675 crucem
880 615 1004 675 mediam
1019 612 1154 694 deposita
1167 616 1250 677 mina
1263 616 1367 678 ticin·

181 705 326 778 Omnes.
369 704 504 779 Adesto
528 728 734 800 quaesumus
753 707 900 778 Domine
923 704 1032 795 Deus,
1055 704 1229 800 obsequiis
1249 710 1390 798 nostris,

64 807 110 879 in
129 808 270 877 nomine
295 816 355 878 tuo
377 806 468 878 bunc
489 807 603 881 locum
622 807 837 881 visitantibus
864 817 898 880 et
912 816 1060 897 ,nostrae
1082 807 1275 900 fragilitatis
1295 810 1390 880 mini-

74 910 201 996 sterio,
225 917 259 978 et
278 910 368 981 sicut
388 906 593 982 benedixisti
618 931 682 1004 per
702 928 823 982 manus
851 930 1034 982 servorum
1055 918 1192 980 tuomm
1214 907 1390 998 Abrabae,

75 1005 173 1080 Isaac
200 1016 235 1079 et
256 1008 360 1081 laeob
386 1019 513 1081 terram
535 1010 732 1104 sepulturae
758 1032 843 1084 suae
869 1013 1176 1106 peregrinationis,
1202 1015 1262 1100 ita,
1285 1002 1391 1105 quae·

74 1131 191 1183 snmus
205 1107 364 1201 Domine,
383 1108 650 1202 bene†dicere‚
668 1111 925 1204 sancti†licare
943 1122 978 1183 et
996 1109 1251 1201 conse†crare
1270 1111 1390 1204 digno

74 1212 123 1283 ris
145 1210 213 1281 boc
235 1215 479 1285 coemeterium
504 1214 616 1307 pretio
639 1212 812 1306 Unigeniti
838 1211 915 1284 Filii
941 1216 990 1284 tui
1012 1211 1149 1284 Domini
1175 1214 1284 1287 nostri
1310 1212 1389 1286 lesu

76 1309 203 1384 Christi
235 1317 409 1406 sanguinis
435 1315 553 1408 typice
578 1325 830 1410 comparatum,
868 1315 911 1386 ad
938 1323 1077 1387 nostrae
1103 1316 1390 1411 peregrinationis

12 1428 25 1437 ·
76 1432 225 1507 corpora
247 1413 469 1508 quiescenda,
497 1414 608 1486 donec
627 1437 691 1511 per
717 1415 862 1487 eundem
889 1414 1071 1487 Dominum
1097 1426 1254 1488 nostrum
1275 1415 1389 1488 lesum

76 1509 248 1585 Christum
270 1513 314 1585 de
333 1515 480 1609 pulvere
500 1514 543 1586 ad
566 1515 711 1607 gloriam
732 1516 842 1588 dones
859 1514 1083 1609 resurgenda.
1123 1515 1188 1600 Qui
1204 1527 1319 1588 tecum
1337 1518 1391 1588 ri·-

74 1616 126 1684 vit
150 1624 185 1682 et
206 1624 328 1707 regnat
352 1617 387 1685 in
408 1618 537 1686 unitate
556 1614 703 1710 Spiritus
722 1614 840 1687 Sancti
862 1615 967 1686 Deus.
1010 1623 1127 1685 Deinde
1148 1624 1290 1687 mediocri
1312 1642 1407 1689 vooe‘

75 1724 212 1784 extensis
225 1725 358 1786 manibus
372 1735 442 1786 ante
455 1733 561 1805 pectus
575 1723 645 1790 dicit
654 1724 881 1807 Pmelationcm.
905 1715 972 1786 Per
987 1717 1100 1785 omnia
1113 1716 1256 1786 saecula
1271 1736 1391 1789 saecu·

76 1816 199 1886 lorum.
243 1821 287 1908 lp.
315 1817 438 1887 Amen.
482 1816 649 1888 Dominus
677 1814 867 1888 vobiscum.
915 1820 958 1906 lb.
987 1813 1033 1886 Et
1065 1836 1142 1886 cam
1170 1816 1291 1911 spiritu
1319 1824 1389 1888 tuo.

75 1913 222 1989 Sursum
250 1917 365 1989 corda
410 1922 453 2009 lb.
481 1916 655 1989 Habemus
674 1917 724 2015 ιιὰ
751 1916 943 1989 Dominum.
990 1914 1126 1988 Gratias
1152 1937 1294 2009 agamus
1320 1914 1392 1989 Do·
1428 1998 1431 2003 ,

75 2020 167 2089 ιιιίιιο
187 2016 265 2090 Deo
292 2030 422 2092 nostro.
464 2024 507 2110 lta.
532 2018 680 2111 Dignum
703 2029 738 2090 et
759 2022 884 2090 iustum
906 2030 967 2092 est.
1011 2016 1106 2089 Vere
1124 2018 1264 2111 dignum
1288 2028 1322 2090 et
1341 2021 1392 2089 iu-

76 2129 165 2191 stum
192 2129 265 2208 est,
292 2142 439 2215 aequum
467 2130 502 2191 et
522 2118 693 2209 salutare,
721 2140 787 2191 nos
812 2119 872 2190 tibi
893 2140 1029 2216 semper
1056 2127 1090 2190 et
1114 2119 1242 2213 ubique
1264 2122 1392 2215 gratim

77 2242 206 2314 agere,
227 2220 375 2293 Domine
395 2231 526 2310 sancta
546 2220 649 2293 Pater
669 2223 903 2316 omnipotens,
922 2231 1063 2293 aeterne
1077 2219 1192 2310 Deus,
1214 2222 1282 2293 Per
1295 2219 1392 2294 Obri-

77 2331 166 2394 stum
196 2322 379 2395 Dominum
404 2333 578 2411 nostrum,
613 2325 671 2416 qui
696 2333 750 2396 est
778 2322 851 2395 dies
877 2332 1058 2410 aeternus,
1091 2323 1153 2393 lux
1177 2321 1391 2412 indeficiens,

78 2424 216 2497 claritas
237 2428 463 2519 sempiterna3
491 2426 549 2518 qui
574 2425 626 2494 sic
649 2444 819 2517 sequaces
841 2443 924 2496 suos
945 2425 980 2492 in
1002 2423 1115 2493 lucem
1135 2425 1303 2517 praecipit
1322 2445 1393 2494 am-

78 2523 200 2596 bulare
229 2536 267 2597 ut
296 2529 407 2599 noctis
435 2535 597 2596 aeternae
623 2524 762 2595 valeant
788 2524 970 2615 caliginem
996 2523 1148 2594 evadere
1175 2530 1211 2591 et
1236 2520 1279 2591 ad
1305 2522 1392 2595 lucis

76 2629 220 2721 patriam
234 2627 382 2700 feliciter
397 2629 601 2723 pervenire3
622 2628 678 2720 qui
695 2648 758 2721 per
777 2624 1015 2695 humanitatem
1031 2632 1215 2697 assumtam
1227 2620 1393 2693 banorum

78 2725 185 2817 flevit,
205 2752 268 2825 per
295 2731 478 2803 divinitatis
504 2730 691 2824 potentiam
713 2729 806 2798 uitae
826 2726 985 2815 reddidit
1006 2736 1109 2820 atque
1130 2724 1311 2796 humanum
1332 2738 1392 2817 ge·

79 2850 146 2900 nus
179 2831 364 2923 quadrilida
391 2842 611 2925 peccatorum
636 2830 729 2900 molo
756 2829 913 2901 obrutum
940 2828 984 2898 ad
1009 2830 1113 2899 uitam
1140 2828 1299 2914 reduxit3
1329 2848 1399 2922 per.

79 2951 184 3024 quem
207 2938 242 2998 te
261 2930 407 3002 Domine
434 2932 631 3025 suppliciter
658 2932 882 3026 deprecamur
902 2940 939 3000 ut
965 2932 1022 3023 qui
1043 2931 1077 2998 in
1096 2928 1163 2999 hoc
1184 2929 1393 3024 sepelientur

78 3028 297 3125 polyandro,
319 3032 576 3119 innovissimo,
599 3054 676 3102 cum
702 3032 805 3105 tubae
828 3033 1098 3128 perstrepuerint
1120 3029 1349 3123 Angelorum,
1373 3052 1393 3099 a

78 3141 303 3228 peccatorum
325 3129 471 3202 nexibus
492 3129 640 3202 absoluti
658 3142 692 3203 et
712 3145 874 3206 aeternae
893 3132 1047 3205 felicitati
1065 3131 1190 3203 redditi
1207 3141 1242 3202 et
1258 3139 1394 3206 sancto·

60 3254 157 3305 ,rum
179 3231 334 3305 coetibus
354 3233 608 3319 connumerati,
627 3241 662 3303 te
683 3237 798 3325 quies
815 3237 886 3306 vita
908 3244 1048 3305 aeterna
1066 3232 1250 3324 benignum
1274 3244 1309 3305 et
1332 3234 1394 3304 mi-

79 3332 292 3407 sericordem
314 3335 489 3407 inveniant
510 3343 547 3405 ut
567 3342 603 3403 te
624 3343 798 3407 auctorem
817 3339 911 3407 vitae
931 3334 1124 3408 exultantes
1142 3356 1219 3405 oum
1237 3335 1393 3409 omnibus

81 3434 217 3508 Sanctis
245 3435 451 3508 collaudent.
499 3444 586 3522 Quod
608 3446 742 3525 sequitur
761 3446 832 3508 dicit
849 3447 937 3527 plane
952 3445 1101 3524 legendo,
1121 3446 1160 3506 ita
1176 3455 1271 3509 minen
1286 3444 1395 3527 quoda

82 3546 353 3609 circumastantibus
367 3547 514 3610 audiatur:
537 3538 606 3609 Per
627 3536 808 3610 Dominum
830 3549 985 3634 nostrum
1010 3538 1123 3613 lesum
1145 3536 1315 3611 Christum
1337 3534 1394 3608 Fi·

80 3640 164 3711 lium
177 3649 284 3729 tuum,
299 3643 356 3734 qui
368 3651 482 3712 tecum
496 3648 559 3711 olo.
580 3646 622 3734 lb.
643 3639 766 3712 Amen.
788 3651 860 3712 Τιιι
875 3650 1020 3713 tburilicat
1033 3669 1151 3712 crucem
1164 3652 1268 3730 ipsam,
1284 3657 1315 3709 et
1328 3646 1395 3709 bais

81 3759 114 3812 nt
127 3758 213 3812 antea
228 3748 322 3812 tribus
339 3749 470 3813 candelis
487 3752 517 3811 in
531 3752 697 3813 summitate
711 3754 785 3832 eius,
800 3760 883 3815 stans
896 3770 1001 3815 versus
1019 3753 1056 3814 ad
1070 3753 1162 3833 ipsam
1176 3767 1294 3811 crucem
1308 3747 1395 3819 dicit;

187 3843 331 3916 Οιιιιιιιι.
377 3851 416 3913 Ει
434 3852 574 3923 minium
600 3843 795 3920 Flectamus
821 3866 944 3939 genua.
987 3850 1031 3937 lie.
1058 3842 1198 3916 berete.
1247 3841 1395 3912 Domine

82 3952 201 4019 sancte
224 3945 326 4018 Pater
346 3946 573 4041 omnipotens,
601 3955 742 4016 aeterne
764 3946 873 4037 Deus,
899 3949 1055 4020 locorum
1079 3947 1228 4018 omnium
1250 3937 1396 4016 sanctii-

82 4056 180 4118 oator
207 4049 302 4118 etin
326 4047 450 4120 molius
475 4046 703 4134 reformator,
736 4070 756 4118 a
783 4071 850 4143 quo
879 4057 914 4118 et
938 4070 1002 4143 per
1028 4069 1129 4141 quem
1156 4045 1267 4118 omnis
1289 4041 1397 4117 bene·

83 4147 188 4219 dictio
209 4146 253 4219 de
272 4150 381 4223 coelis
401 4147 577 4222 descendit
598 4151 633 4220 iu
653 4156 793 4237 terram,
816 4148 905 4219 beno
926 4149 958 4243 †
981 4149 1098 4220 dicere
1118 4147 1260 4240 dignare
1280 4145 1396 4216 locum

82 4251 198 4337 istum
220 4259 257 4320 ut
278 4252 322 4323 sit
343 4250 584 4346 polyandrum,
607 4270 671 4324 seu
692 4252 949 4339 coemeterium,
971 4249 1081 4322 duleis
1100 4249 1238 4342 requies
1260 4255 1294 4318 et
1312 4265 1396 4342 pan-

83 4353 172 4424 satio
195 4361 419 4442 mortuorum,
443 4374 587 4448 quorum
608 4354 753 4444 animae,
776 4373 919 4449 quarum
938 4371 1085 4446 corpora
1105 4350 1160 4421 bic
1180 4348 1315 4444 sepulta
1335 4345 1397 4420 vel

84 4451 284 4547 sepelienda
311 4462 400 4541 sunt,
426 4455 642 4528 iucunditatis
666 4463 747 4526 tuae
774 4455 955 4527 dulcedine
980 4455 1164 4547 potiantur,
1190 4453 1324 4548 sintque
1344 4448 1395 4521 in·

84 4558 185 4625 terim
203 4557 239 4625 in
260 4574 408 4649 superna
426 4552 613 4629 Ierusalem
632 4555 821 4649 gaudentes
839 4566 874 4629 et
890 4557 1069 4648 laetantes,
1089 4557 1202 4630 donec
1217 4555 1252 4627 in
1268 4568 1394 4643 magno
