3046 4942
712 328 784 397 311

88 515 165 597 tph.
201 504 373 579 Succurrc
400 503 495 579 Dens
522 504 656 578 inlirmo
683 509 738 580 isti
760 518 796 580 et
822 507 995 585 medicare
1019 507 1070 580 illi
1095 510 1236 605 spiritali
1258 514 1404 587 mediea-

88 611 202 697 nine,
229 610 323 679 utin
345 610 520 702 pristinam
544 611 722 681 sanitatem
746 620 959 683 restauratus
986 612 1173 701 gratiarum
1197 611 1255 682 tibi
1276 615 1405 690 relerat

88 712 253 781 actiones.
265 705 296 805 1)
331 708 388 778 Ad
407 709 589 779 Dominum
610 732 686 779 cum
708 709 890 783 tribularer
910 739 973 781 cum
989 708 1107 782 Gloria
1120 711 1222 784 Patri.
1261 711 1405 790 Oramus

88 810 274 883 Dominum
295 820 449 883 nostrum
471 808 584 883 lesum
605 810 774 885 Christum
795 835 860 908 pro
878 812 985 885 fratre
1002 823 1121 885 nostro
1138 812 1179 883 N.
1201 834 1300 908 quem
1321 816 1405 889 dure

88 911 125 983 sd
152 933 321 1007 praeseus
342 911 468 981 malum
487 913 664 1004 languoris
686 912 824 1006 affligit:
847 925 883 986 ut
905 937 983 985 eum
1004 913 1142 985 Domini
1159 918 1270 1010 pietas
1290 918 1405 990 coele·

88 1013 198 1086 atibus
219 1012 377 1104 dignetur
398 1013 573 1086 medicinis
593 1035 729 1104 curare,
751 1026 789 1086 ut
808 1019 865 1110 qui
886 1014 978 1088 dedit
997 1019 1101 1087 vitam
1120 1016 1177 1087 det
1197 1027 1231 1088 et
1248 1017 1402 1090 salutem.

192 1113 289 1188 Deus
311 1117 366 1207 qui
390 1113 535 1196 humano
559 1111 682 1206 generi
705 1116 824 1189 salutis
846 1119 1036 1189 remedium
1063 1126 1098 1189 et
1125 1120 1219 1190 vitae
1241 1130 1403 1191 aeternae

88 1236 229 1287 uunera
264 1214 435 1287 contulisti
466 1237 638 1288 conserva
664 1215 793 1289 famulo
819 1228 878 1290 tuo
904 1230 1038 1291 tuarum
1065 1219 1154 1290 dona
1180 1222 1342 1291 virtutum
1369 1231 1405 1292 et

88 1316 243 1387 concede
263 1326 299 1387 ut
319 1317 488 1388 medelam
510 1327 602 1388 tuam
624 1338 694 1389 non
711 1319 823 1392 solum
842 1322 877 1389 in
899 1336 1048 1416 corpore
1071 1320 1254 1393 sedetiam
1276 1325 1309 1392 in
1331 1325 1402 1393 ani-

88 1438 139 1488 na
164 1421 297 1491 sentiat.
410 1491 413 1494 .
911 1444 918 1455 ·

190 1527 229 1588 Et
249 1530 293 1588 sic
304 1537 472 1608 perungant
488 1529 596 1607 singuli
610 1531 782 1592 sacerdotes
795 1529 942 1591 lubrmum
955 1533 993 1593 de
1007 1532 1076 1592 oleo
1092 1536 1284 1610 sanctificato,
1297 1554 1402 1598 cruces

88 1629 228 1691 'sciendo
248 1630 283 1688 in·
298 1628 378 1688 callo
400 1638 430 1690 et
450 1639 570 1707 gutture
588 1639 755 1709 etpeeture
768 1639 799 1691 et
813 1631 890 1690 inter
902 1630 1038 1711 scapulas
1052 1649 1106 1691 seu
1120 1635 1150 1692 in
1164 1633 1233 1694 loco
1248 1635 1297 1696 ubi
1315 1637 1401 1699 dolor

88 1730 153 1790 slus
178 1716 352 1803 imminet²>
373 1737 403 1789 ut
423 1731 455 1788 in
476 1730 605 1808 quinque
628 1730 766 1791 sensibus
784 1732 919 1809 corporis
935 1740 966 1790 et
980 1732 1010 1791 in
1024 1733 1190 1810 superciliis
1205 1734 1358 1795 oculorum
1372 1746 1403 1797 et

88 1850 109 1891 n
137 1829 261 1889 naribus
281 1831 359 1890 intus
377 1839 407 1890 et
420 1830 495 1890 loris
511 1839 541 1889 et
554 1832 583 1891 in
597 1832 709 1890 aurium
723 1832 888 1891 summitate
902 1834 1034 1892 exterius
1051 1834 1115 1892 siae
1135 1833 1258 1894 interius
1273 1837 1345 1896 etin
1359 1836 1401 1897 la-

88 1932 142 1993 tiis
166 1932 299 1990 exterius
324 1939 354 1992 ct
373 1931 506 1991 manibus
519 1932 652 1992 exterius
665 1931 695 1993 id
712 1941 758 1993 est
772 1932 900 1993 doloris:
918 1941 949 1992 ut
962 1936 988 1993 si
1003 1936 1133 2014 quinque
1145 1934 1282 1996 sensibus
1296 1938 1401 1996 mentis

88 2040 114 2093 at
127 2032 266 2110 eorporis
281 2031 377 2110 aliqua
390 2032 501 2092 macula
516 2030 653 2108 inbaeiit,
668 2033 811 2095 medicina
826 2033 971 2111 spirituali
986 2044 1107 2096 sanetur
1121 2035 1273 2097 etDomini
1288 2038 1399 2098 miseri·

88 2135 186 2195 eordia
200 2134 381 2211 impetretur.
421 2132 496 2192 Dum
509 2133 604 2209 igitur
615 2112 761 2194 Sacerdos
777 2136 860 2210 ungit
875 2133 1041 2208 infirmum,
1055 2136 1134 2197 dicat
1145 2137 1221 2198 banc
1234 2139 1399 2199 orationem

88 2234 234 2297 marasim
252 2231 440 2310 inungendo:
459 2223 608 2313 Adesto,
627 2224 788 2313 Danube,
806 2246 1025 2318 quaesumus,
1045 2227 1242 2303 humilitatis
1259 2240 1398 2301 nostrae

88 2325 272 2419 obsequiis,
293 2329 412 2419 eisque
434 2324 604 2417 benignus
631 2348 791 2420 coopera·
805 2324 910 2422 etc.³)

189 2427 305 2499 Uaciio
322 2432 451 2499 sacrate·
467 2429 533 2498 olei
546 2429 594 2498 ad
607 2438 712 2522 capud.
746 2426 847 2518 Ung'o
864 2438 964 2521 caput
977 2439 1072 2499 tuum
1089 2428 1168 2499 oleo
1187 2428 1396 2501 sanctificato

88 2528 275 2623 innomine
303 2529 414 2601 Patris
437 2538 471 2598 et
493 2527 571 2600 Filii
598 2538 632 2600 et
652 2527 798 2624 Spiritus
822 2526 958 2615 Sancti,
980 2538 1017 2599 ut
1042 2549 1139 2599 more
1165 2529 1280 2599 militis
1305 2532 1396 2600 uncti

88 2640 309 2725 praeparatus
329 2630 373 2700 ad
392 2629 517 2701 luctam
539 2651 705 2724 superare
726 2631 840 2724 possis
864 2631 975 2701 aerias
996 2639 1163 2718 catervas?
1207 2627 1328 2722 rere)

184 2732 243 2802 Ad
266 2734 384 2803 oculos.
438 2731 539 2823 Ungo
563 2731 686 2801 oculos
709 2741 788 2801 tuos
814 2729 857 2800 de
885 2729 965 2802 olco
992 2728 1221 2802 sanctificato:
1244 2739 1281 2800 ut
1303 2732 1397 2824 quic-

88 2830 165 2924 quid
188 2824 307 2904 illicito
330 2835 408 2904 visu
435 2833 625 2927 deliquisti,
651 2831 751 2904 buius
779 2831 849 2902 olei
871 2833 1031 2903 unctione
1052 2834 1218 2926 expietur.
1272 2832 1348 2903 Per.
1362 2828 1395 2926 6)

187 2934 245 3005 Ad
264 2956 372 3006 maes.
415 2934 515 3027 Ungo
537 2955 639 3006 aures
659 2932 720 3005 bas
742 2936 866 3005 sacrati
885 2933 955 3003 olei
973 2934 1108 3026 liquore
1125 2935 1160 3002 in
1176 2935 1314 3005 nominc
1332 2933 1396 3002 l'a-

88 3037 147 3105 tris
171 3043 207 3105 et
225 3031 304 3105 Filii
324 3046 359 3106 et
378 3034 524 3129 Spiritus
545 3033 661 3106 Sancti
678 3043 715 3104 ut
733 3034 892 3126 quiequid
910 3036 1043 3126 peccati
1056 3036 1183 3105 nocivo
1202 3033 1318 3105 auditu
1336 3032 1395 3104 ad·
1474 3078 1482 3089 ·

88 3138 227 3209 missurn
252 3145 315 3226 est,
337 3136 504 3209 medicina
531 3133 714 3229 spiritualis
737 3130 932 3227 evacuet.⁶)

142 3302 175 3383 1)
190 3304 274 3379 Apud
284 3322 378 3363 omnes
393 3307 453 3363 lere
468 3306 537 3362 baec
550 3304 704 3377 Antipbona
718 3304 798 3361 obvia
814 3310 866 3361 est·
988 3332 992 3339 ·

143 3386 178 3465 b)
191 3390 239 3448 ad
255 3390 361 3463 apicem
383 3406 440 3446 eum
463 3390 504 3446 bis
522 3389 651 3447 conuenit
665 3387 705 3449 El.
735 3389 772 3445 bt
784 3402 853 3444 vero
865 3403 933 3458 quae
949 3384 984 3442 de
995 3385 1112 3459 quinque
1123 3385 1247 3443 sensibus
1257 3387 1393 3458 praescri·

88 3469 181 3531 buntur
198 3474 238 3531 ita
253 3474 365 3532 adnotat
378 3475 405 3530 in
418 3474 483 3529 bne:
501 3474 575 3530 lirrlti
585 3473 743 3529 sacerdotes
758 3478 912 3544 perungunt
923 3470 1033 3542 insuper
1047 3470 1073 3525 in
1090 3469 1207 3542 quinque
1220 3487 1316 3528 sensus
1331 3486 1394 3526 cor-

88 3559 176 3629 roris,
195 3559 225 3616 id
241 3566 284 3615 est
293 3559 320 3616 in
332 3558 485 3630 superciliis
496 3557 637 3614 oculorum
648 3564 675 3613 et
686 3558 713 3611 in
727 3558 837 3613 naribus
848 3555 965 3622 deintus,
982 3555 1046 3610 etin
1058 3554 1161 3610 narium
1172 3555 1324 3615 summitate
1335 3553 1393 3607 sive

88 3643 217 3713 merlus,
229 3642 258 3698 id
270 3649 313 3699 est
327 3643 440 3701 d'eloris.
473 3644 502 3697 ln
514 3641 637 3697 omnibus
649 3657 719 3711 ergo
730 3641 771 3697 bis
781 3640 910 3696 membris
925 3656 1032 3694 crucem
1048 3639 1148 3694 iaciant
1162 3637 1197 3693 de
1208 3640 1272 3694 oleo
1284 3642 1392 3692 sacrato

88 3721 223 3784 licentes:
250 3727 280 3783 ia
303 3728 411 3783 nomiae
425 3721 448 3802 †
464 3726 551 3782 Patria
563 3714 594 3793 et
602 3721 663 3802 Fi†
672 3725 700 3781 lii
713 3731 740 3780 et
751 3725 866 3797 Spiritus
880 3724 980 3780 Sancti.
1013 3724 1072 3780 lloe
1084 3722 1154 3778 enirn
1166 3722 1275 3789 iaciant,
1287 3727 1316 3773 ut
1328 3717 1351 3772 si
1365 3717 1392 3771 in

87 3808 201 3883 tuibque
217 3826 313 3868 sensus
328 3810 425 3877 mentis
436 3817 464 3866 et
475 3809 602 3881 eorporis
614 3811 702 3882 aliqua
714 3808 817 3864 macula
828 3807 952 3877 inhaesit,
964 3808 1031 3863 baec
1046 3806 1178 3863 medicina
1193 3806 1242 3860 Dei
1256 3808 1375 3858 sanetur.

143 3892 178 3969 3)
196 3894 271 3953 Dent.
283 3895 354 3951 Ante
370 3895 522 3951 unctionem
540 3894 628 3967 palum
646 3894 743 3949 dicitur
754 3893 910 3961 Symbolum
921 3892 974 3947 boc
986 3899 1028 3948 cst
1042 3888 1158 3947 Credo
1173 3889 1204 3943 in
1220 3890 1320 3942 Deum
1336 3885 1393 3939 Pa-

92 3993 167 4035 rem
187 3995 274 4050 usque
291 3978 326 4035 ad
343 3968 447 4034 uitam
464 3985 543 4034 acte
554 3993 614 4032 rna
625 3994 660 4032 m.
682 3976 787 4032 Deinde
802 3977 906 4032 dicatur
917 3992 931 4031 a
942 3974 1092 4032 Sacerdote
1107 3973 1141 4027 ad
1152 3971 1297 4027 lnilrmum:
1312 3967 1391 4022 Cre-

88 4057 135 4118 lis
158 4063 277 4119 irater
296 4064 388 4135 quod
407 4063 555 4118 diximus
572 4056 795 4129 symbotun‘l
834 4059 898 4114 Cum
918 4058 1091 4130 responderit
1108 4062 1154 4111 aut
1171 4060 1235 4109 nutu
1254 4053 1392 4121 significa-

88 4144 167 4203 ·erit:
187 4146 319 4220 credo,
335 4155 451 4216 ungatur
466 4136 643 4202 aSacerdote
658 4145 701 4200 vel
716 4144 837 4217 plurimis
848 4141 1042 4198 Sacerdotibus
1054 4149 1108 4201 etc.

139 4227 173 4305 4)
188 4229 348 4286 Unctionem
370 4231 466 4302 capitis
483 4230 561 4286 novit
573 4228 674 4285 Theod.
693 4245 795 4300 „super
815 4219 898 4298 caput
915 4225 1048 4296 usquead
1064 4226 1182 4279 lrontem
1196 4218 1222 4274 in
1235 4225 1391 4275 transverso

88 4314 114 4367 m
129 4329 197 4369 aure
210 4330 296 4384 usque
307 4315 340 4369 ad
352 4317 465 4370 ιιιιιιιιιιιι
476 4331 508 4369 ac
519 4316 605 4383 Rem,
618 4312 784 4384 eandemque
801 4308 941 4366 lormulam
953 4307 1175 4375 exbibens‘stque
1188 4303 1327 4364 Titianus(

142 4392 174 4471 5)
190 4397 335 4454 Oculorum
347 4398 437 4454 unctio
449 4398 476 4452 in
489 4399 547 4455 liat.
559 4414 592 4453 ac
603 4397 676 4453 liern.
691 4396 740 4466 „in
750 4394 904 4469 superciliis
915 4399 943 4447 et
953 4390 1073 4448 subsiliis
1084 4389 1156 4445 iuxta
1168 4388 1284 4459 angulos
1296 4389 1391 4443 oeulo-

88 4491 142 4536 'ura
156 4479 290 4538 dicendo:
304 4483 385 4551 liugn
401 4481 496 4537 oeulos
507 4480 580 4543 etc.“
596 4488 624 4537 ut
638 4495 731 4552 supra.

143 4560 176 4639 6)
190 4563 271 4637 Apud
280 4566 339 4622 liat.
352 4563 454 4622 Tbeod.
468 4580 569 4634 „aures
583 4565 656 4621 intus
668 4571 695 4620 et
709 4564 778 4622 loris
789 4563 816 4619 in
831 4561 982 4620 summitate
996 4559 1085 4617 erucis
1096 4557 1222 4616 dicendo:
1248 4558 1328 4631 tingo
1342 4560 1391 4614 bas

1144 4646 1186 4709 22
