3046 4942
731 336 804 405 wi

207 524 436 587 DunSacerdos
452 525 542 587 dicit:
554 513 739 610 Sequentia
751 520 860 593 nocti
872 528 935 590 elo.
949 528 1038 592 iaciat
1050 533 1167 608 signum
1180 534 1273 592 crucis
1288 531 1325 593 dc
1334 548 1417 593 more

106 644 199 708 super
210 646 245 687 ss
258 629 289 687 in
302 628 414 705 fronte,
429 645 482 688 oro
497 636 528 688 et
543 628 573 687 in
586 637 712 706 pectore
726 625 890 710 (potat)
901 631 1317 713 similitersuperinirmumsi
1328 632 1418 694 inerit

105 728 254 790 masculus
274 740 304 790 et
323 732 348 791 is
368 730 407 792 ob
421 731 618 790 infirmitatem
636 747 696 791 non
709 741 806 812 potest
820 751 853 794 se
867 735 995 811 signare.
1034 735 1065 797 Si
1083 743 1180 795 autem
1193 734 1283 795 inerit
1299 735 1417 811 lemica,

107 830 175 894 dnm
188 831 335 893 Sacerdos
354 850 389 893 se
410 834 526 909 signat,
548 831 598 892 illa
617 835 874 916 persemetipsum
897 838 925 897 in
948 835 1021 897 locis
1036 836 1195 917 praedictis
1209 854 1243 897 se
1257 835 1372 912 signat:
1392 835 1418 895 ri

107 951 182 995 raro
203 951 263 995 non
277 944 378 1014 potest
393 933 449 994 alia
462 934 567 994 mulier
582 952 646 994 eam
659 936 772 1012 signet:
794 946 822 998 et
834 937 890 999 loc
904 937 979 999 idem
995 936 1230 1019 insequentibus
1247 932 1419 1014 Evangeliis

106 1044 254 1096 servatur.

209 1125 325 1199 llatth.
354 1125 436 1199 lllll
463 1130 613 1200 5-13.
666 1126 705 1198 ln
731 1127 792 1199 illo
812 1138 980 1227 tempore:
1011 1130 1095 1204 Cum
1122 1135 1297 1206 introisset
1318 1129 1417 1202 lesus

107 1227 343 1326 Capharnaum
368 1239 432 1300 etc.
455 1268 508 1284 —-
532 1271 579 1282 —
607 1240 641 1300 et
663 1240 801 1302 sanatus
822 1242 872 1307 est
892 1257 978 1329 puer
999 1237 1034 1305 in
1060 1235 1119 1306 illo
1146 1234 1240 1306 hora.
1409 1252 1414 1259 ·

212 1330 368 1403 Oramus.
406 1332 628 1426 Omnipotens
649 1335 854 1427 sempiterne
868 1332 979 1425 Deus,
999 1336 1094 1409 salus
1115 1347 1255 1408 aeterna
1275 1333 1418 1406 creden·

105 1436 208 1505 tium:
243 1432 369 1505 exaudi
396 1455 460 1504 uos
487 1454 551 1526 pro
579 1431 710 1504 inlirmo
738 1433 864 1505 famulo
889 1445 946 1508 tuo
973 1436 1014 1509 N.
1041 1459 1196 1533 proquo
1223 1439 1419 1509 misericor-

107 1536 185 1606 diae
206 1546 285 1605 tuae
312 1535 534 1627 imploramus
560 1534 743 1605 auxilium:
763 1545 802 1605 nt
822 1535 951 1609 reddita
977 1539 1042 1610 sibi
1068 1543 1212 1610 sanitate
1232 1541 1418 1630 gratiarum

103 1637 167 1708 tibi
202 1640 237 1705 in
263 1635 412 1705 ecclesia
442 1645 501 1705 tna
520 1635 651 1706 rcierat
672 1638 834 1708 actiones.
874 1636 939 1708 Per
959 1637 1127 1712 Christum
1149 1640 1332 1710 Dominum
1356 1659 1419 1709 no·

105 1750 224 1810 strum.
271 1741 313 1824 lt.
342 1733 505 1832 Amen.1)

211 1838 368 1908 Psalmus
392 1839 448 1907 15.
494 1833 675 1908 Conserva
695 1858 750 1908 rnc
771 1836 918 1908 Domine
940 1848 1001 1910 eto.
1041 1840 1208 1913 Dominus
1228 1838 1419 1911 vobiscum.
1482 1898 1485 1903 ,

105 1946 148 2033 ip.
178 1938 223 2009 Et
245 1961 322 2009 cum
345 1942 465 2034 spiritu
491 1947 560 2009 tuo.
601 1936 787 2033 Sequentia
804 1943 912 2011 sancti
929 1938 1109 2037 Evangelii
1126 1926 1314 2017 secundum
1329 1938 1421 2012 liar·

108 2063 194 2114 cum.
246 2045 289 2130 liv.
320 2038 438 2111 Gloria
461 2040 520 2111 tibi
542 2041 698 2112 Domine.

209 2141 317 2213 Maro.
344 2140 427 2211 XVI
457 2144 615 2212 14-18.
663 2140 703 2212 ln
724 2142 785 2213 illo
807 2149 982 2236 tempore:
1005 2142 1291 2217 Recumbentibns
1313 2141 1421 2214 unde-

109 2250 173 2318 cim
200 2255 264 2316 etc.
288 2286 335 2297 -
359 2256 465 2338 super
485 2265 613 2336 aegros
635 2265 754 2315 manns
774 2244 948 2339 imponent
971 2253 1006 2316 et
1026 2246 1112 2317 bene
1133 2246 1314 2318 habebunt.

211 2345 366 2418 Oremus¹
418 2344 589 2416 Virtutum
614 2347 816 2418 coelestium
840 2346 949 2433 Deus,
973 2350 1029 2440 qui
1050 2348 1089 2419 ab
1117 2348 1270 2418 humanis
1297 2367 1420 2441 corpo-

107 2451 202 2523 ribus
236 2469 371 2519 omoem
400 2446 603 2539 languorem
625 2457 659 2518 et
685 2465 819 2518 ornnem
842 2444 1063 2519 infirmitatem
1078 2450 1263 2543 praecepti
1287 2450 1337 2517 tui
1359 2467 1421 2541 pc-

106 2560 232 2625 testate
265 2550 429 2645 depellis:
469 2548 588 2621 adesto
614 2552 782 2644 propitius
809 2546 888 2619 huic
912 2547 1039 2620 famulo
1066 2558 1125 2620 tuo
1151 2547 1206 2637 N„
1232 2547 1422 2639 utlagatis

105 2652 355 2726 infirmitatibus
384 2661 417 2722 et
442 2650 574 2723 viribus
591 2652 750 2745 receptis
775 2670 900 2720 nomen
921 2661 1070 2724 sanctum
1096 2659 1204 2740 tunm,
1234 2651 1423 2721 instaurata

104 2758 267 2851 protinus
286 2756 443 2841 sanitate,
469 2751 658 2825 benedicat.
706 2753 783 2824 Per
792 2747 825 2837 ²)

210 2855 367 2927 Psalmus
394 2858 447 2924 19
488 2853 658 2926 Exaudiat
680 2864 714 2925 to
737 2838 933 2927 Dominus
923 2877 957 2924 ιιι
980 2826 1037 2926 die
1057 2850 1283 2927 tribulationis
1304 2860 1368 2923 etc.

212 2959 379 3028 Dominus
401 2956 580 3028 vobiscum
603 2966 667 3028 eto
697 2975 728 3027 ut
749 2984 848 3046 sopra.

213 3058 293 3130 Luc.
316 3057 365 3129 lV
393 3061 568 3130 38-40.
616 3056 655 3127 ln
674 3057 736 3128 illo
757 3067 929 3152 tempore:
952 3056 1108 3149 Surgens
1130 3054 1228 3129 lesus
1254 3053 1297 3125 de
1319 3075 1420 3174 syna

108 3182 205 3255 goga
225 3162 403 3233 introivit
393 3183 428 3230 m
449 3161 585 3231 domum
604 3156 753 3231 Simonis
774 3168 909 3232 etc-
929 3158 1038 3289 atille
1059 3160 1203 3250 singulis
1223 3178 1342 3230 manus
1360 3159 1422 3226 im-

105 3284 242 3361 ponens
266 3260 406 3334 curabat
430 3276 501 3335 eos.

212 3363 368 3437 Oramus.
423 3364 569 3435 Domine
596 3370 735 3448 sancte,
758 3360 860 3431 Pater
887 3362 1119 3457 omnipotens,
1145 3368 1287 3431 aeterne
1312 3358 1425 3447 Deus3

109 3469 167 3561 qui
188 3464 407 3560 fragilitatem
427 3466 594 3537 humanae
613 3411 958 3550 conditionalium
978 3467 1109 3536 uirtutis
1128 3475 1208 3535 tuoe
1227 3460 1423 3555 dignatione

111 3567 308 3656 confirmas,
331 3578 367 3638 ut
393 3566 599 3641 solutoribus
625 3564 785 3636 remediis
812 3565 944 3658 pietatis
970 3573 1048 3637 tuae
1071 3587 1218 3664 corpora
1243 3572 1362 3633 nostra
1389 3568 1424 3630 ct

108 3680 242 3742 mentes
270 3680 498 3763 vegetentur·
527 3689 631 3763 super
654 3667 744 3738 hunc
768 3664 931 3736 famulum
955 3675 1046 3738 tuurn
1074 3669 1240 3765 propitius
1266 3660 1423 3747 intende3

107 3782 143 3843 ut
163 3775 258 3844 omni
276 3775 483 3845 necessitate
506 3792 696 3866 corporeae
716 3767 914 3841 infirmitatis
936 3772 1089 3860 exclusa,
1111 3770 1220 3864 gratia
1240 3768 1275 3836 in
1294 3784 1336 3834 eo
1355 3763 1423 3858 pri-

109 3876 218 3946 stinae
242 3876 396 3948 sanitatis
418 3872 573 3969 perlecta
600 3882 789 3968 reparetur
842 3870 918 3941 Per.
932 3867 965 3967 ³)

175 4182 204 4248 1)
220 4179 536 4250 Sacramdelasdreg,
559 4194 622 4250 pro
647 4178 795 4235 lanulis
819 4176 891 4232 tuis
912 4176 994 4233 illis
1012 4204 1055 4217 -—
1076 4173 1133 4233 (iel.
1148 4172 1231 4244 Greg.
1251 4171 1423 4228 referant.

109 4262 139 4340 i)
154 4264 229 4320 llaec
242 4265 337 4322 Oratio
348 4281 435 4337 aequa
451 4272 531 4336 atque
545 4281 661 4335 sequens
675 4264 821 4336 reperitur,
833 4260 905 4332 qnod
918 4265 1066 4316 memoratu
1078 4258 1251 4329 dignumst,
1264 4257 1293 4312 in
1303 4256 1424 4311 Sacrum.

110 4348 255 4406 Gallicano
267 4351 301 4406 ab
316 4349 465 4406 linratorio
480 4349 563 4405 edito
589 4349 707 4405 Sacram
724 4349 814 4406 Gelas.
836 4346 921 4401 hnic
943 4358 1049 4400 servo
1065 4343 1201 4399 tnoGall
1216 4342 1344 4398 tumulo
1366 4345 1425 4396 tuo

109 4433 160 4492 ill.
176 4434 289 4493 -Gsl
301 4435 357 4490 vir
375 4433 640 4490 reuocatisGall.
655 4432 851 4507 reparatis.
874 4426 906 4502 3)
920 4431 1039 4486 Sacram
1049 4425 1138 4484 Gelas.
1149 4428 1232 4499 Grsg.
1248 4425 1316 4487 Gall
1331 4426 1424 4495 ing.

109 4510 349 4576 conditionis
371 4525 591 4576 nostrae-
617 4510 1426 4611 Getiircg.prcp1tratas(iallsnperianulnrn

109 4600 575 4679 tnumpropitiusintande.
1415 4618 1423 4629 ¹
