3060 4934
740 318 816 397 295

425 651 496 731 ΠΙ.
530 656 602 729 EX
628 658 856 733 RITUALl
882 658 1122 733 ROMANO.

218 833 817 900 Sacerdosadaudiendamconiessionem
825 849 960 919 vocotus,
970 849 1116 921 promtum
1125 842 1342 924 facilemquese
1350 854 1433 924 piac·

113 931 200 995 best:
214 938 468 1016 acpriosqunmad
478 938 652 1002 audiendum
663 943 794 1018 accedat,
806 944 832 1003 si
840 952 956 1023 tempus
964 948 1115 1024 suppetat,
1124 945 1159 1005 ad
1171 946 1227 1006 iroc
1238 948 1432 1007 ministerium

114 1040 1433 1127 rectesnncteqneobeundum,divinumaoxiliumpilspreoibusimplorabit-lullcclc·

114 1138 336 1213 ammonentem
346 1143 633 1222 inprivatisaedlbus
642 1147 1024 1225 conlassionesaodistmisi
1033 1162 1072 1208 ex
1081 1150 1432 1230 consumtionabili‚quaa

116 1258 180 1300 eum
193 1241 329 1303 inciderit
342 1245 457 1307 studeat
470 1255 566 1308 tamen
581 1247 610 1308 id
627 1248 743 1309 decenti
756 1267 791 1310 ac
805 1252 918 1329 patenti
926 1237 957 1325 1)
969 1250 1039 1312 loco
1052 1260 1215 1330 praestare.
1230 1280 1262 1293 -
1280 1250 1431 1318 liubertin

114 1338 249 1403 Ecclesia
263 1343 364 1405 sedem
378 1348 639 1426 coniessionalem,
654 1351 683 1409 in
698 1364 754 1430 qua
769 1366 868 1411 sacrus
883 1352 1242 1434 conlassionesexcipiat:
1257 1364 1333 1433 quae
1342 1354 1430 1415 sedes

114 1448 237 1523 patenti,
248 1450 409 1527 conspicuo
419 1458 526 1529 etapto
534 1448 766 1512 Ecclesiaeloco
775 1454 883 1531 posita,
893 1461 974 1513 orato
982 1453 1221 1533 perioratainter
1229 1458 1430 1535 poenitentem

115 1554 144 1606 et
161 1547 346 1608 sacerdotem
365 1551 405 1609 aii
423 1552 576 1611 instructa.
594 1581 638 1593 -
658 1552 885 1632 superpelliceo
908 1560 937 1613 et
959 1554 1034 1614 stola
1054 1555 1179 1615 violacei
1195 1555 1306 1616 coloris
1320 1566 1430 1634 ututur,

113 1658 202 1729 prout
224 1656 339 1727 tempus
360 1650 410 1710 rel
433 1650 566 1713 locorum
581 1653 660 1712 ierel
676 1653 870 1713 consuetudo.
896 1684 934 1693 -
952 1655 1113 1715 Poenitens
1127 1658 1153 1715 si
1169 1666 1244 1734 opus
1258 1658 1366 1732 luerit,
1380 1658 1429 1717 ad·

113 1758 278 1825 moneatur,
293 1758 324 1808 ut
338 1767 393 1829 qua
410 1751 497 1813 decet
511 1753 673 1814 humilitate
688 1756 794 1813 mentis
810 1763 840 1814 et
850 1753 1095 1815 habitusaccedat
1105 1756 1190 1816 llexia
1202 1757 1329 1832 genibus
1341 1759 1428 1832 signo

111 1851 207 1911 crucis
222 1868 256 1910 se
270 1852 387 1913 muniat.
398 1839 432 1930 ²)
451 1890 489 1900 -
508 1853 580 1916 dlox
591 1853 803 1933 Goniessmlus
812 1857 937 1936 inquirat
951 1856 987 1917 de
1001 1856 1080 1917 illius
1095 1865 1173 1937 ιιιιιιΙ
1188 1856 1260 1932 (nisi
1275 1855 1362 1914 aliter
1376 1874 1428 1917 no·

112 1959 158 2012 tus
182 1950 288 2027 inerit)
309 1961 339 2012 et
362 1970 445 2033 quam
461 1954 573 2036 pridem
589 1958 628 2018 sit
640 1957 813 2034 confessus,-
835 1968 914 2019 etan
934 1961 1099 2038 impositam
1113 1958 1324 2040 poenitentiam
1338 1956 1427 2018 adim·

113 2052 250 2133 pleverit,
265 2072 331 2114 num
346 2058 403 2117 rite
417 2066 505 2139 atque
519 2044 636 2136 integre
653 2057 725 2119 alias
739 2060 897 2121 consessus
911 2061 1010 2137 luerit,
1025 2068 1093 2122 nuin
1108 2059 1319 2121 conscientiam
1333 2077 1425 2137 suum,

114 2164 142 2215 ιι
157 2155 257 2232 debet,
276 2150 357 2236 prius
372 2158 533 2237 diligenter
546 2160 729 2221 discusserit.
751 2194 789 2204 -
809 2162 897 2238 Quod
911 2165 936 2224 si
951 2165 1109 2244 poenitens
1123 2157 1220 2239 aliqua
1235 2176 1360 2222 censura
1375 2162 1425 2223 vel

112 2274 178 2318 casu
193 2268 345 2320 reservato
360 2262 398 2320 sit
409 2260 528 2339 ligatus,
539 2280 555 2321 a
566 2280 623 2343 quo
632 2261 697 2342 lpse
707 2282 766 2324 non
774 2266 1044 2345 possitabsolvore‚
1053 2261 1267 2340 ιοιιιιιοιιιι,
1277 2265 1335 2324 nisi
1342 2266 1424 2345 prius

112 2357 230 2420 obtenta
244 2359 382 2422 facultate
395 2382 412 2423 a
426 2351 632 2443 superioral)
641 2392 685 2414 -ι-
703 2366 735 2424 Si
750 2384 823 2426 sero
834 2366 1040 2426 confessarius
1054 2380 1109 2441 pro
1123 2372 1317 2441 personarum
1330 2367 1423 2445 quali·

111 2468 170 2522 ιιιι
191 2465 371 2538 cognoverit
390 2467 593 2543 poenitentem
611 2466 753 2542 ignorare
774 2465 952 2525 christianae
973 2462 1040 2523 ildei
1060 2461 1238 2531 rudimenta
1261 2466 1287 2522 si
1308 2474 1423 2545 tempus

109 2572 257 2643 suppetat,
274 2582 339 2624 eum
354 2565 487 2626 breviter
502 2566 627 2625 instruat
641 2565 678 2626 de
691 2565 822 2626 articulis
838 2566 905 2625 iidei
924 2572 953 2623 et
966 2558 1031 2619 'aliis
1045 2559 1081 2620 ad
1096 2560 1219 2621 salutem
1234 2566 1356 2638 cognitu
1371 2584 1421 2625 nc·

109 2667 252 2740 cessaris,
272 2674 302 2724 et
321 2658 516 2743 ignorantiam
539 2668 602 2728 eius
622 2669 763 2746 corripiat
783 2667 921 2741 iliumque
934 2659 1106 2741 admoneat,
1128 2670 1160 2722 nt
1174 2679 1209 2722 ea
1223 2673 1292 2742 post
1304 2664 1421 2726 niodum

108 2764 278 2844 diligentius
292 2765 432 2834 addiscat.
451 2800 495 2815 -
515 2768 587 2830 'lom
602 2772 760 2848 poenitens
775 2764 991 2827 coniessioncm
1007 2765 1178 2842 generalem
1192 2764 1281 2827 latina
1294 2766 1343 2827 rel
1358 2766 1421 2828 ania

104 2941 324 2961 ——nd—-dn

168 3055 200 3133 t)
216 3057 370 3113 observant
384 3058 552 3117 liodricistao
567 3055 674 3132 quando
685 3052 783 3114 lomina
797 3052 843 3128 sil,
857 3062 927 3129 qutie
941 3051 1014 3116 domi
1025 3065 1140 3130 peccata
1152 3060 1329 3133 confiteatur,
1351 3072 1421 3136 ιιι·-

103 3160 211 3217 canque
236 3141 372 3213 dignitate
388 3143 549 3215 decoretur,
567 3158 674 3213 semper
696 3142 770 3198 iores
788 3142 905 3198 cubiculi
922 3151 1032 3215 apertas
1045 3142 1177 3219 tenendas
1189 3161 1251 3201 esse
1264 3153 1293 3202 ut
1308 3147 1417 3204 iaciles

104 3227 282 3285 vicinioribus
294 3228 416 3301 conspici
431 3229 519 3301 possit
533 3224 775 3283 Coniosaiouarios.

169 3316 199 3382 ι)
220 3312 359 3382 Agenda
381 3314 576 3369 lioneator.
599 3306 695 3369 itta.
728 3307 948 3365 Benedictionem
962 3308 1065 3380 potenti
1080 3306 1306 3366 benedicatimuo
1317 3313 1345 3367 in
1356 3330 1417 3373 mo—

104 3395 183 3453 durn}
202 3397 331 3451 Dominus
349 3397 384 3454 sit
403 3398 429 3452 in
450 3394 593 3451 cordetuo
609 3399 637 3447 ιι
648 3391 676 3447 in
688 3392 766 3449 labiis
781 3392 833 3449 tuis
845 3400 874 3449 ιι
887 3392 957 3448 bene
972 3393 1130 3448 coniitcaris
1143 3392 1233 3448 omnis
1244 3402 1356 3464 peccata
1370 3404 1416 3452 tua

104 3479 250 3535 innomine
262 3481 349 3536 Patris
363 3477 387 3555 ἰ
402 3487 429 3535 et
443 3477 500 3532 iiiii
515 3485 544 3533 et
557 3477 674 3548 Spiritus
684 3476 785 3533 Sancti.
809 3475 906 3537 Amen.
933 3477 1072 3532 liitaale
1084 3475 1306 3533 Trevirenae
1321 3478 1422 3540 lacos·

103 3564 204 3620 deden
218 3564 354 3620 Sacerdos
367 3565 394 3618 in
410 3560 608 3617 Coniossionali
623 3568 651 3616 ot
662 3563 808 3632 poenitens
819 3560 855 3616 ad
871 3562 940 3617 lctus
954 3561 1012 3616 eius
1024 3566 1223 3632 prosternatur,
1238 3568 1353 3632 utroque
1364 3578 1416 3633 go-

103 3648 211 3705 auflexo
224 3655 252 3703 et
265 3649 376 3716 signans
387 3661 418 3700 so
428 3645 509 3714 signo
521 3647 611 3700 crucis
621 3645 708 3702 dicat:
727 3647 763 3702 lm
778 3646 878 3701 llamon
893 3644 942 3701 dos
958 3645 1055 3702 Vaters
1072 3639 1094 3721 p
1109 3645 1164 3701 und
1178 3646 1227 3702 des
1242 3645 1349 3701 Sohaea
1362 3645 1417 3701 und

104 3732 151 3789 das
165 3733 192 3792 li.
204 3732 320 3787 Gcistea
345 3730 455 3798 Segneu
471 3729 541 3785 mich
554 3729 612 3785 liw.
628 3729 807 3800 Ehrwitrden,
823 3729 950 3785 domici
962 3729 1031 3786 hoba
1045 3729 1202 3800 gosdndigt.
1231 3731 1304 3785 lunc
1315 3730 1414 3786 Sacer·
1495 3724 1502 3731 ’

103 3815 153 3872 dos
164 3816 253 3871 dicct:
269 3815 339 3868 Dens
353 3813 389 3868 sit
400 3814 428 3868 in
443 3813 532 3869 cordo
542 3822 588 3868 tuo
606 3821 658 3869 etc.
672 3821 801 3887 utsupra.

163 3897 197 3974 3)
210 3898 392 3969 Quaecunque
408 3898 526 3953 ecclesia
540 3897 712 3969 particularis
727 3899 810 3954 habet
823 3915 887 3953 suas
899 3898 1113 3954 constitutiones
1127 3895 1305 3969 particulares
1317 3894 1414 3952 delini·

102 3989 143 4039 ιιι
161 3984 194 4038 ιι)
203 3982 348 4037 Ordinario
362 3982 729 4054 perSynodalesSessioncs.
746 3984 785 4038 lta
797 3999 822 4037 v.
835 3999 860 4037 c.
868 3981 1020 4054 Episcopus
1028 3980 1248 4037 ilonasteriensls
1264 3979 1414 4050 inSpnodo

101 4082 116 4121 ι
141 4067 208 4121 1711
231 4066 322 4120 ιιιιιι
338 4067 390 4122 lios
402 4080 480 4122 casua
493 4066 546 4121 sibi
558 4065 644 4121 voluit
658 4074 825 4124 reservatos.
851 4070 876 4126 ι.
894 4066 1002 4143 Abusus
1015 4067 1196 4136 cumscunque
1212 4064 1254 4119 rei
1267 4072 1365 4121 sacrae
1379 4064 1413 4119 ad

101 4149 310 4219 diuinationem,
331 4151 541 4206 incantationem
559 4151 665 4207 aliosve
684 4168 747 4207 usus
763 4150 896 4219 magicos.
926 4151 952 4209 1.
963 4150 1072 4209 ¹Crimen
1084 4148 1255 4206 incendiarii.
1279 4151 1306 4205 3.
1321 4149 1411 4205 Sacri·

101 4233 162 4305 lega
180 4234 294 4289 calicum
308 4235 353 4290 val
364 4236 598 4291 lionstrantiarum
614 4251 648 4292 cn
663 4235 789 4291 ccelesiis
803 4240 849 4289 aut
862 4233 973 4289 sacellis
986 4234 1103 4305 ereptio.
1130 4234 1158 4292 4.
1174 4232 1340 4288 Commixtio·
1351 4244 1416 4289 esr-

100 4319 169 4374 nalis
188 4335 248 4373 oum
265 4317 384 4373 moniali.
409 4323 435 4375 5.
453 4319 583 4375 Violenta
598 4320 742 4392 oppressio
764 4319 888 4375 ieminae.
921 4317 948 4376 6.
961 4317 1159 4373 lniauticidium
1172 4315 1302 4389 propriae
1317 4317 1413 4388 prolis.

100 4400 123 4461 7.
138 4402 336 4459 Matrimonium
357 4419 416 4458 cum
436 4402 628 4474 impedimento
643 4404 778 4475 ligaminis
793 4403 913 4462 scienter·
927 4408 1103 4457 contractum.
1132 4400 1158 4454 8.
1175 4400 1283 4456 Pactum
1297 4401 1413 4472 explici-

99 4489 154 4542 ιιι
165 4503 227 4542 com
237 4489 385 4543 Daemone.
408 4487 438 4542 lu
452 4487 566 4544 ιιιιιιιι
578 4489 773 4544 Ριιοιιιιιιιιι
792 4489 874 4544 1522:
889 4486 937 4544 lsti
949 4502 1027 4543 casas
1041 4483 1170 4543 screandi
1181 4490 1243 4540 sunt
1254 4501 1355 4557 papae:
1368 4485 1413 4542 Ad

100 4585 211 4645 papam:
223 4571 326 4628 clerum
337 4569 457 4641 leniens,
473 4571 617 4644 irlssrius,
628 4589 710 4630 urens
721 4573 883 4643 Ecclesiam,
897 4572 920 4628 si
932 4587 987 4627 non
998 4570 1099 4629 audeas
1111 4570 1255 4627 celebrare
1266 4568 1370 4627 missas,

1165 4656 1216 4719 ui
