3046 4942
90 494 205 575 arna
224 501 280 575 uis
300 501 419 575 salvos
439 500 515 575 fieri
534 510 569 575 et
588 502 632 575 ad
653 506 1037 598 agnitionem-ueritatis
1048 506 1183 598 venire,
1196 510 1255 605 qui
1270 511 1409 586 nonnis

91 613 239 677 mortem
263 606 468 699 peccatoris,
491 603 554 678 sed
576 614 614 676 ιιι
635 616 860 681 convertatur
880 619 916 682 et
934 611 1044 699 vivat,
1065 613 1202 709 suscipe
1219 617 1408 684 orationem

94 728 219 795 meam,
246 726 347 800 quam
367 705 473 778 fundo
497 716 575 779 ante
598 718 825 803 conspectum·
848 710 1052 783 clementiae
1077 721 1158 785 tuae
1183 734 1248 810 pro
1273 713 1409 787 famulis

94 819 129 881 et
152 806 347 880 famulabus
367 810 435 880 tuis
457 810 515 903 qui
536 808 581 881 ad
601 812 845 906 poenitentiam
862 822 1040 887 venerunt.

143 918 261 981 Deinde
278 918 426 980 Sacerdos
448 928 546 982 cantet
564 924 680 1001 septem
698 922 829 1002 psalmos
848 924 1077 1004 poenitentiales
1097 918 1188 1005 siper
1207 924 1410 1004 poenitentes,

94 1037 128 1084 uc
144 1021 276 1084 litaniam
295 1029 326 1082 et
339 1031 499 1103 sequentes
512 1022 766 1088 dicatoratioues.
1238 1042 1241 1047 ·
1377 1006 1397 1029 ⁸

197 1114 293 1186 Deus
326 1117 384 1209 qui
416 1118 564 1187 omniurn
597 1115 827 1190 confitentium
849 1117 910 1189 tibi
935 1117 1041 1191 corda
1063 1114 1224 1214 purificas
1252 1125 1287 1187 ot
1309 1136 1409 1189 accu-

93 1225 211 1289 santes
234 1236 330 1287 suam
352 1219 596 1290 conscientiam
623 1217 665 1289 ah
693 1222 785 1291 omui
811 1220 949 1293 viuculo
969 1222 1153 1314 iniquitatis
1176 1218 1343 1306 obsutus,
1367 1217 1411 1289 d'a

93 1316 338 1409 indulgentiam
368 1321 511 1414 captivis
537 1328 571 1390 et
595 1319 797 1391 medicinam
823 1321 936 1393 tribue
958 1322 1167 1408 vulneratis,
1199 1329 1238 1392 ut
1264 1319 1410 1391 exclusa

93 1418 325 1503 dominatione
341 1421 488 1512 peccati,
506 1417 623 1491 liberis
639 1419 700 1491 tihi
716 1420 884 1493 mentibus
900 1421 1115 1493 famulentur.
1146 1420 1214 1493 Per
1228 1419 1407 1504 Christum.

196 1519 250 1591 Da
268 1517 369 1591 nobis
394 1519 560 1608 Domine,
586 1530 624 1590 ut
645 1523 734 1592 siout
754 1521 926 1614 publicani
946 1522 1108 1616 precibus
1128 1532 1164 1595 et
1188 1522 1408 1595 confessione

88 1619 322 1715 placuimus,
346 1621 391 1689 ita
412 1629 446 1690 ot
472 1619 551 1689 huic
575 1619 704 1692 famulo
723 1630 783 1692 tuo
802 1620 844 1691 N.
866 1622 1006 1716 placare
1024 1622 1184 1708 Domino,
1209 1633 1247 1694 ut
1271 1626 1307 1693 iu
1327 1642 1409 1693 eou-

88 1719 250 1796 iessioue
281 1717 386 1790 flebili
411 1739 618 1815 permanens
639 1730 673 1792 ot
693 1723 934 1817 propitiatione
956 1732 1014 1794 tua
1035 1731 1237 1817 perpetuam
1259 1723 1410 1793 elemen-

88 1826 175 1893 tiam
210 1830 301 1892 tuam
333 1830 478 1910 exoretur
506 1822 701 1917 sanctisque
720 1821 892 1894 altaribus
913 1833 948 1893 et
968 1827 1191 1895 sacramentis
1213 1844 1291 1895 eum
1310 1823 1411 1894 uesti-

88 1931 189 2011 tuas,
211 1944 416 2016 rursumque
437 1923 582 1996 coelesti
603 1923 737 2015 gloriae
757 1926 976 2019 mancipetur.
1029 1925 1098 1997 Per
1118 1922 1297 1998 Christum.

198 2031 270 2093 Post
290 2033 364 2093 haec
381 2033 460 2094 dicat
478 2032 625 2095 Sacerdos
646 2033 682 2096 ud
706 2036 927 2115 poenitentem:
953 2024 1015 2098 Vis
1035 2034 1125 2097 tuam
1153 2026 1410 2099 confessionem

88 2122 204 2197 dare?
229 2132 450 2213 Respondebit:
470 2122 572 2196 Volo.
604 2134 686 2195 'iuno
707 2136 875 2213 interroget
895 2154 961 2198 eum
976 2135 1095 2198 diceus:
1112 2124 1235 2201 Credis
1247 2130 1282 2199 in
1296 2128 1409 2198 Deum

88 2224 229 2298 Patrem
258 2229 524 2325 omnipotentem
551 2235 587 2296 et
606 2222 731 2298 Filium
758 2237 793 2299 et
813 2226 975 2322 Spiritum
997 2225 1229 2326 Sanctum?¹)
1273 2237 1410 2318 itespoa·

88 2337 192 2399 debit:
215 2323 345 2399 creso:
383 2335 553 2415 interroga:
576 2323 697 2400 Credis
724 2328 817 2422 quod
834 2331 924 2401 istae
945 2339 1018 2401 tres
1037 2340 1227 2424 personae,
1255 2352 1339 2425 quas
1362 2330 1410 2401 di·

89 2431 207 2502 ximus
221 2429 336 2518 Patem
356 2428 464 2502 Filius
486 2439 522 2500 et
537 2424 683 2523 Spiritus
701 2426 861 2518 sancus,
879 2452 967 2503 unus
987 2433 1031 2500 sit
1044 2428 1206 2525 Deus?³)
1234 2440 1410 2519 Responde:

95 2528 220 2601 Credo.
269 2538 440 2618 Interrogo:
469 2528 608 2619 cretis,
636 2530 728 2625 quod
754 2533 789 2601 in
815 2529 879 2601 hac
900 2553 1024 2620 carne,
1052 2534 1087 2601 in
1109 2553 1176 2625 qua
1196 2551 1287 2601 nuno
1314 2529 1410 2627 es‚4)

94 2652 281 2727 resurgere
309 2629 460 2729 habes⁶)
483 2641 519 2703 et
540 2634 696 2727 recipere
723 2634 798 2705 sive
820 2630 948 2703 bonum
968 2635 1044 2703 sive
1065 2632 1190 2703 malum
1214 2631 1305 2726 qurod
1332 2650 1411 2724 ges-

94 2732 197 2806 sisti?
237 2742 416 2825 Responde:
448 2730 574 2804 Credo.
622 2740 695 2803 lten
715 2731 928 2830 ιιιιιιοςιεθ)
955 2732 1018 2806 Vis
1039 2733 1209 2807 dimittere
1231 2732 1319 2824 titis,
1353 2735 1412 2828 qui

95 2836 129 2905 iu
155 2844 192 2906 to
218 2846 452 2931 peccaverunt
479 2836 591 2907 omnia
618 2833 749 2924 debita,
781 2844 818 2906 ut
845 2843 878 2906 et
903 2834 964 2907 tibi
984 2834 1079 2909 Deus
1107 2837 1250 2909 dimittat
1268 2845 1412 2932 peecata

95 2945 170 3026 tua,
193 2938 268 3031 ipso
292 2935 487 3033 dicente=⁷t
515 2936 552 3010 Si
578 2958 648 3014 uon
666 2939 868 3033 remiseritis
891 2936 1083 3010 hominihus
1100 2948 1244 3033 peccata
1271 2959 1410 3024 eorum3

94 3058 162 3107 noc
184 3047 283 3132 pater
300 3049 418 3112 vester
439 3040 602 3111 eoelestis
625 3038 767 3109 dimittet
785 3030 887 3110 vobis
907 3049 1049 3132 peceutu
1070 3050 1198 3111 vestra.
1233 3048 1410 3129 Responde:

95 3137 199 3210 Volo.
254 3144 325 3227 (Hic
342 3149 470 3210 deorum
493 3148 621 3226 quiaque
643 3146 740 3208 tineae
761 3161 840 3225 quoe
853 3162 934 3225 prae
949 3154 1098 3209 cenatote
1114 3147 1172 3228 icpi
1186 3165 1247 3208 noa
1257 3150 1409 3227 poteraut,

93 3247 167 3311 nott
177 3254 279 3313 tamn
295 3249 475 3312 deotmar
487 3254 632 3327 tractore,
644 3248 705 3309 ttici
719 3247 868 3328 qondam
880 3249 1060 3339 poegtitentic
1073 3241 1328 3330 ceremonias.)⁸)
1396 3302 1399 3309 ,

198 3334 266 3429 Quo
285 3352 364 3423 [uoto
386 3354 452 3415 fixis
472 3352 600 3433 genibus
620 3352 649 3411 iu
666 3358 745 3413 terra
759 3349 808 3412 uiti
823 3351 920 3413 stabat
933 3351 1109 3435 suppliciter
1122 3353 1214 3415 tensis
1229 3355 1362 3417 manibus
1375 3352 1412 3415 ad

94 3455 211 3521 oetan
224 3453 332 3519 blundo
347 3455 384 3519 ab
399 3454 491 3517 flebili
504 3470 581 3516 voco
595 3452 689 3515 dmat:
819 3446 822 3451 ’

154 3635 189 3714 1)
209 3636 291 3695 Vind.
311 3637 345 3694 iu
363 3637 502 3693 Patrem
523 3641 556 3692 et
575 3633 703 3692 Filium
727 3642 762 3691 et
782 3635 954 3708 Spiritum
976 3634 1150 3692 Sanctum.
1182 3628 1310 3708 mutiat.
1325 3647 1412 3704 quae

88 3722 378 3783 uododiximus.
400 3721 1076 3794 d)Vind.trcspersonaosuntctuuus.
1109 3715 1411 3795 s)vind.incerne

88 3806 119 3875 ’,ι
141 3823 228 3881 quo.
260 3804 291 3881 o)
312 3805 394 3865 Viud.
418 3806 451 3862 iu
471 3805 550 3878 ipsu
571 3806 682 3862 huben
704 3821 904 3877 resurgere
923 3805 955 3860 iu
975 3805 1031 3860 dio
1051 3803 1188 3859 iudicii.
1219 3799 1411 3876 6)Viud.om.

88 3895 178 3953 verbu
198 3893 284 3949 item
305 3891 511 3960 iuterroga-
556 3889 585 3964 7)
613 3890 693 3946 vind.
716 3890 779 3946 Vis
799 3890 875 3946 dim.
897 3889 983 3947 illia
1005 3894 1157 3961 peccata
1177 3901 1411 3958 quaecuuque

96 3997 117 4037 ιι
141 3984 184 4033 te
204 3983 455 4048 peccaverunt
476 3974 626 4030 Domino
652 3975 809 4030 dicento.
843 3972 1187 4048 &tornamentorum
1201 3986 1269 4041 quae
1284 3969 1412 4039 leguntur

88 4079 111 4120 ι
129 4060 209 4119 cod.
224 4061 304 4117 Viud.
328 4059 384 4131 „Et
398 4060 508 4132 require
522 4075 583 4114 cum
598 4058 762 4129 diiigenter,
778 4058 801 4114 si
817 4064 860 4114 ost
874 4059 1048 4114 incestuosus
1062 4064 1090 4112 et
1106 4056 1128 4111 si
1144 4070 1198 4110 nou
1214 4054 1280 4123 vuit,
1294 4053 1354 4126 ipsa
1369 4056 1412 4109 iu-

88 4154 169 4204 seetn
185 4144 343 4215 dimittere,
358 4152 506 4217 conpotes
521 4145 547 4199 ei
562 4143 628 4199 dare
643 4143 847 4215 poeniteutiam.
878 4143 944 4198 Nam
959 4143 983 4199 si
997 4142 1055 4197 vuit
1068 4141 1127 4213 ipsa
1144 4139 1246 4195 incesta
1261 4137 1411 4209 dimittere,

88 4229 132 4289 iio
149 4229 285 4302 psalmum
300 4230 442 4287 Domine
458 4227 502 4285 u‘a
516 4229 552 4284 iu
567 4229 702 4284 iuroro
717 4235 790 4283 tuo.
806 4227 840 4282 Et
854 4226 900 4282 dio
913 4227 1065 4282 orationem
1079 4225 1164 4279 trano:
1181 4222 1286 4279 Gaius
1301 4221 1411 4278 indul-

88 4315 224 4384 genia
244 4312 360 4389 (rectius
374 4314 428 4374 Sic.
443 4316 533 4371 Deus
549 4314 649 4370 cuias
664 4314 697 4369 iu
708 4312 748 4368 du
758 4314 837 4382 lgen
848 4311 874 4366 ti
884 4306 912 4384 a)
928 4310 1019 4367 cuncti
1033 4308 1189 4378 indigent.“
1215 4307 1253 4365 At
1267 4324 1335 4365 vero
1351 4323 1412 4363 oum

90 4417 115 4458 u
130 4400 315 4471 sequentibus
338 4415 453 4470 prorsus
473 4399 620 4454 obhorreat
641 4398 735 4454 Codex
757 4394 979 4453 vindobonensis
994 4411 1009 4449 a
1026 4393 1140 4449 formula
1156 4410 1236 4466 supra
1250 4394 1352 4466 scriptu
1366 4393 1412 4450 vai

88 4486 194 4541 ιιιιοιι
214 4483 242 4540 ic
266 4485 361 4556 prucis
377 4501 436 4539 eum
450 4484 496 4563 iiia
510 4483 665 4556 conueniat,
683 4484 769 4540 artius
783 4482 858 4554 duxi,
873 4481 977 4539 codicis
991 4478 1153 4553 scripturam
1168 4477 1209 4554 (iu
1224 4478 1316 4537 uultis
1328 4478 1412 4535 uitio·

88 4565 169 4640 saur)
186 4567 282 4625 Ordini
296 4586 331 4626 ex
346 4568 419 4625 libro
435 4566 544 4624 Hearioi
560 4567 700 4640 descripto
715 4575 846 4624 attexere.
