3046 4942
720 290 908 375 244,

203 485 281 580 Ego
308 480 348 555 N.
375 479 517 552 Electus
544 479 715 550 eeclesiae
736 474 777 546 N.
803 472 844 545 ab
867 472 933 545 hac
955 473 1098 544 bora-in
1121 482 1226 543 antea
1252 470 1363 544 fidelis
1385 482 1415 545 et

104 588 270 661 obediens
296 605 358 655 cro
381 581 413 652 b.
438 582 542 652 Petro
564 578 738 674 Apostolo
765 586 974 668 sanctaeque
992 574 1174 645 Romanae
1195 573 1370 645 ecclesiae
1385 583 1414 647 et

103 693 249 763 Domino
270 694 390 759 nostro
415 683 563 753 Domino
588 678 629 751 N.
657 682 772 775 Papae
798 675 839 747 N.
867 679 1007 769 suisque
1029 674 1303 749 successoribus
1323 696 1411 747 cana

90 796 181 863 'nice
210 784 419 860 intrantibus.
472 780 551 855 Non
577 804 639 854 ero
665 784 700 851 in
720 780 864 853 consilio
888 785 948 849 aut
974 797 1163 865 consensu,
1190 776 1254 847 vel
1278 786 1409 847 tactout

104 894 208 964 vitam
233 889 379 985 perdant
404 896 461 956 aut
481 884 682 971 membrum,
704 905 768 955 seu
789 882 965 975 capiantur
986 877 1076 948 mala
1098 881 1284 973 captione:
1308 881 1408 949 autin

104 1017 166 1065 eos
194 993 367 1063 violenter
396 1008 514 1059 manus
537 983 795 1079 quomodolibet
816 985 1017 1074 ingerantur
1039 981 1100 1050 vel
1119 980 1271 1050 iniuriae
1290 980 1406 1073 oliqme

35 1108 38 1115 '
105 1094 315 1179 inserantur,
352 1091 476 1183 quovis
505 1088 660 1182 quaesito
687 1084 817 1155 colore.
872 1077 1060 1155 Consilium
1081 1101 1193 1170 vero,
1225 1081 1319 1174 qood
1342 1080 1405 1151 nili

105 1195 268 1268 credituri
298 1200 396 1278 sunt,
429 1212 492 1284 per
521 1210 560 1261 se
588 1196 646 1257 ant
672 1189 809 1259 nuntios
842 1204 945 1272 suos,
975 1203 1038 1255 seu
1065 1183 1200 1255 litteras
1236 1182 1284 1255 ad
1305 1204 1403 1253 eoram

107 1297 265 1368 damnum
293 1314 348 1362 me
375 1293 506 1363 sciente
529 1290 655 1359 nemini
677 1287 832 1384 pandam.
886 1285 1050 1378 Papatum
1073 1284 1274 1357 Romanum
1301 1294 1333 1355 et
1350 1282 1404 1355 tte

105 1398 198 1491 galia
223 1395 330 1467 saneti
352 1391 446 1464 Petri
470 1389 604 1462 adiutor
631 1391 681 1463 eis
708 1404 781 1461 ero·
798 1388 841 1460 ad
863 1385 1076 1459 retinendum
1098 1394 1133 1456 et
1153 1384 1404 1473 defendendum,

106 1499 206 1572 salvo
239 1517 317 1566 meo
352 1492 471 1564 ordine
495 1502 612 1563 contra
633 1513 770 1562 omnem
795 1490 977 1562 bominem.
1016 1485 1186 1580 Legatum
1208 1487 1404 1584 apostolieae

9 1618 12 1623 '
105 1598 198 1672 sedis
232 1598 265 1667 in
293 1594 406 1665 eundo
426 1604 460 1665 et
481 1593 659 1665 redeundo
680 1591 868 1664 honorilice
890 1590 1043 1663 tractabo
1063 1599 1097 1659 et
1116 1592 1153 1661 in
1172 1592 1249 1663 suis
1275 1590 1405 1661 necessi

105 1699 231 1771 tatibus
263 1695 446 1767 adiuvabo.
497 1692 596 1784 lura,
619 1694 790 1783 bonores,
816 1692 1000 1790 privilegia
1021 1702 1055 1762 et
1077 1694 1321 1762 auctoritatem
1337 1691 1404 1761 Sm-

106 1811 182 1871 ctae
201 1798 378 1869 Romanae
398 1795 582 1884 ecclesiae,
600 1796 738 1866 Domini
755 1798 864 1868 nostri
880 1794 994 1888 Papae
1012 1801 1047 1863 et
1063 1812 1311 1866 successorum
1324 1814 1406 1888 prae

107 1901 275 1972 dictorum
293 1918 517 1987 conservare,
537 1895 737 1985 defendere,
757 1917 887 1988 augere
906 1905 942 1964 et
960 1914 1171 1990 promovere
1189 1895 1330 1965 curabo.
1352 1890 1407 1965 tte

108 2025 173 2097 que
202 2024 263 2072 ero
291 2003 325 2069 in
347 1999 511 2097 oonsilio,
532 1997 594 2069 vel
615 1997 721 2086 laeto,
748 2018 812 2069 sau
833 2004 998 2085 tractatu,
1021 1998 1056 2065 in
1078 1993 1204 2088 quibus
1228 2007 1346 2067 eontra
1368 1998 1408 2091 ip

106 2126 181 2177 sum
210 2101 392 2172 Dominum
419 2107 573 2169 nostrum
607 2098 669 2169 vel
703 2098 848 2168 eandem
870 2097 1059 2173 Romanam
1091 2098 1278 2170 ecclesiam
1305 2097 1409 2192 attqm

106 2206 242 2277 sinistra
270 2201 330 2273 vel
360 2196 617 2295 praeiudicialia
639 2220 886 2293 personarum,
919 2202 1020 2287 iuris,
1054 2198 1218 2287 honoris,
1245 2208 1350 2271 status
1381 2206 1411 2271 et

105 2306 284 2401 potestatis
310 2322 431 2372 eorum
452 2298 696 2371 machinentur.
736 2298 832 2374 Etsi
854 2301 934 2373 talia
956 2323 976 2371 a
999 2300 1257 2396 quibuscunque
1278 2301 1412 2371 tractari

105 2404 165 2476 vel
194 2405 373 2499 procurari
400 2422 556 2491 novero,
589 2400 770 2498 impediam
797 2402 864 2474 boc
889 2424 1081 2498 proposse
1107 2412 1142 2473 ct
1165 2412 1292 2496 quanto
1319 2403 1411 2475 citius

105 2516 228 2602 potero
247 2501 445 2598 significabo
465 2501 578 2573 eidem
598 2502 747 2575 Domino
768 2514 902 2592 nostro,
921 2503 981 2576 vel
1001 2503 1113 2594 alteri,
1134 2526 1199 2599 per
1221 2524 1323 2598 quam
1340 2523 1411 2598 pos·

106 2610 149 2681 sit
170 2605 213 2677 ad
235 2608 341 2701 ipsius
366 2605 519 2675 notitiam
538 2608 731 2700 pervenire.
784 2605 939 2698 Regulos
958 2617 1155 2678 sanctorum
1180 2605 1338 2692 Patrem,
1360 2602 1409 2675 de

107 2716 222 2791 creta,
244 2706 476 2779 ordinationes
497 2729 559 2778 seu
582 2706 842 2801 dispositiones,
864 2708 1121 2781 reservationes
1144 2718 1179 2778 et
1199 2708 1410 2802 provisiones

107 2816 142 2877 et
169 2804 325 2877 mandata
360 2807 550 2900 apostolica
577 2810 657 2879 tatis
684 2809 815 2884 viribus
842 2807 1037 2882 observabo
1065 2808 1252 2881 etfaciam
1274 2804 1318 2879 ab
1342 2807 1408 2879 alm

107 2906 295 2981 observari.
356 2907 578 2997 Haereticos,
608 2906 844 2983 schismaticos
879 2921 913 2982 et
944 2909 1096 2984 rebelles
1125 2909 1242 2981 eidem
1271 2909 1407 2981 Domino

106 3019 224 3081 nostro
251 3009 308 3079 vel
330 3008 590 3082 successoribus
612 3009 794 3104 praedictis
820 3034 885 3106 pro
910 3033 1015 3109 posse
1038 3010 1258 3106 immgnabo.
1307 3009 1405 3081 Voce

105 3121 160 3184 tus
183 3108 225 3179 ad
252 3110 421 3204 synodum
443 3113 580 3183 veniam
606 3113 673 3183 nisi
693 3101 914 3207 praepeditus
934 3113 1033 3185 luero
1054 3116 1222 3186 canoniea
1239 3109 1406 3208 praepadL

105 3214 208 3282 tione.
261 3211 510 3307 Apostolorum
536 3212 651 3283 limina
674 3215 818 3306 singulis
842 3217 995 3287 trienniis
1016 3214 1249 3311 personaliter
1274 3236 1340 3309 par
1360 3230 1404 3283 ne

105 3316 218 3406 ipsum
236 3311 382 3384 visitabo
405 3323 440 3385 et
460 3314 609 3386 Domino
635 3325 755 3387 nostro
777 3338 819 3387 ae
840 3315 1100 3391 successoribus
1125 3314 1294 3413 praelatis
1316 3316 1404 3387 ratio

106 3434 185 3509 nem
211 3411 354 3484 reddam
379 3413 422 3487 de
447 3426 518 3489 toto
548 3436 626 3487 meo
654 3418 820 3513 pastorali
845 3416 959 3489 officio
986 3440 1028 3489 ae
1048 3419 1093 3491 de
1113 3417 1222 3491 rebus
1250 3416 1404 3499 omnibus,

105 3513 148 3585 ad
171 3536 269 3585 meae
292 3514 461 3587 ecclesiae
484 3525 627 3605 statum,
654 3518 697 3587 ad
720 3519 805 3589 cleri
831 3529 865 3590 et
890 3520 1009 3615 populi
1030 3520 1265 3615 disciplinam,
1292 3522 1403 3591 anina

106 3639 181 3687 rum
210 3615 357 3710 denique
386 3640 474 3713 quae
505 3640 604 3691 meae
629 3617 708 3689 {idai
733 3618 878 3693 traditae
899 3633 979 3694 sunt
997 3620 1142 3695 salntem
1163 3623 1293 3715 quovis
1314 3616 1403 3691 modo

105 3716 352 3814 pertinentibus
379 3729 413 3789 et
434 3721 586 3793 vicissim
607 3719 763 3792 mandata
784 3722 975 3817 apostolica
1001 3722 1173 3794 humiliter
1192 3725 1358 3818 recipiam
1376 3724 1403 3789 at

107 3841 208 3911 quam
237 3820 495 3913 diligentissime
517 3842 681 3913 exequar.
736 3820 888 3905 Quodsi
913 3822 1067 3916 legitimo
1091 3824 1337 3920 impedimento
1357 3820 1403 3893 ts

106 3928 219 3993 tentus
251 3920 372 4009 luero,
400 3918 557 4017 praelata
587 3925 698 3994 omnia
728 3922 921 4019 adimplebo
948 3947 1012 4020 per
1038 3936 1169 3995 certum
1195 3912 1401 3997 nuntiun'tad

107 4018 172 4089 boc
206 4023 356 4118 speciale
389 4021 582 4113 mandatum
611 4021 812 4111 habentem,
845 4025 890 4097 de
923 4029 1058 4118 gremio
1088 4028 1159 4098 mei
1191 4027 1334 4124 capituli
1357 4028 1401 4095 ant

105 4118 208 4193 alium
236 4127 269 4194 in
292 4125 454 4219 dignitate
477 4123 712 4197 ecclesiastica
734 4128 964 4217 constitutum,
983 4149 1046 4202 sau
1068 4128 1173 4200 alium
1194 4138 1400 4224 personatam

107 4220 302 4311 lmbontmn3
325 4236 394 4313 aut,
412 4226 465 4299 bis
483 4226 564 4296 milti
577 4226 820 4314 deficientibus,
837 4251 900 4323 per
914 4228 1158 4302 dioecesanum
1176 4228 1397 4305 Sacerdotem

106 4332 139 4391 et
159 4322 254 4395 eluro
275 4327 454 4399 deficiente
474 4331 625 4416 omnino,
647 4351 711 4422 per
728 4330 875 4423 aliquem
897 4330 1000 4401 alium
1022 4328 1271 4426 Presbyterum
1297 4348 1397 4405 saeca-

107 4418 225 4507 lormo,
255 4427 311 4497 vel
331 4432 540 4521 regularem,
566 4439 740 4527 spectatae
761 4430 940 4525 probitatis
967 4441 1002 4503 et
1021 4432 1203 4527 religionis
1230 4436 1396 4529 desupra

105 4520 203 4595 dictis
223 4526 377 4601 omnibus
395 4530 497 4625 pleae
513 4534 721 4609 instructum.
755 4531 809 4605 De
827 4532 1022 4609 huiusmodi
1038 4545 1153 4609 autem
1170 4536 1395 4636 impedimento
