3046 4942
797 275 888 371 noo
1010 262 1013 277 '

184 500 245 563 suls
267 497 342 559 loeis
362 492 557 557 manentibus.
597 491 680 555 'l'unc
696 491 930 555 Archidiacouus
949 501 1050 572 stans,
1071 488 1148 572 apud
1163 482 1342 552 l’on'tillcsm
1354 484 1476 548 dicitaltr

183 619 259 664 voce
282 603 403 660 intono
424 596 575 658 lectionis:
605 585 727 658 Oleum
745 587 962 659 infirmorum.
1004 595 1043 656 m
1060 604 1220 657 moxunus
1233 588 1477 652 subdiaconum

183 711 298 782 septem
313 701 421 780 paratis
434 699 592 780 praedictis
606 717 670 760 cum
684 697 799 760 duobus
811 698 965 776 Acolgtlris
979 697 1048 760 irinc
1061 706 1092 758 et
1106 695 1175 757 inde
1187 696 1350 756 associatus
1361 689 1478 753 arditui

183 805 356 879 sacristiam,
370 802 419 863 ubi
432 802 582 883 accipiens
595 800 748 881 ampullam
763 801 822 864 olei
837 801 915 882 quod
929 820 984 882 pro
998 800 1118 861 iutrmis
1128 798 1301 860 consecrari
1312 793 1401 873 delict,
1414 812 1479 856 coa·

183 915 297 988 pertam
312 914 344 966 ιι
357 906 480 981 invenit,
495 913 593 985 portat
607 921 669 965 eam
682 905 803 967 sinistro
818 904 937 965 brachio
952 901 1154 964 circumdatam
1164 910 1235 962 aute
1247 899 1421 974 Pontiieen,
1432 895 1478 957 uli

185 1026 250 1070 earn
265 1006 353 1068 tradit
366 1008 395 1068 in
410 1007 541 1067 manibus
555 1005 779 1084 Archidiaconi,
793 1007 881 1087 plerm
895 1005 1012 1068 diceus:
1042 995 1163 1066 Oleum
1185 993 1401 1064 infirmorum.
1431 998 1478 1059 dr

82 1166 87 1187 ,
185 1110 374 1172 chidiacouus
388 1117 557 1189 praesentat
569 1109 648 1171 illam
661 1109 796 1171 Pontlllci
811 1109 846 1170 ad
864 1108 1112 1183 benedicendum,
1134 1106 1212 1166 idem
1227 1106 1332 1167 dicens
1346 1102 1480 1164 collocans

184 1230 247 1274 eam
268 1229 365 1272 coram
387 1229 423 1273 eo
443 1229 532 1291 supra
549 1229 676 1272 mensam
690 1212 895 1291 supradictam.
934 1211 1073 1273 Pontifex
1087 1227 1215 1288 surgens
1229 1224 1299 1268 cunr
1311 1207 1392 1281 mitra
1406 1221 1480 1264 eron

186 1316 259 1376 cisat
278 1322 308 1374 et
323 1313 473 1374 benedicit
488 1312 559 1374 illud
573 1332 649 1376 voce
662 1314 805 1391 demissa,
826 1316 865 1374 ita
884 1322 979 1374 tamen
993 1312 1072 1394 qaod
1089 1331 1105 1372 a
1120 1308 1374 1372 circumstantibus
1388 1309 1480 1367 Sacer·

186 1416 304 1478 dotibus
325 1414 417 1476 audiri
431 1417 542 1496 possit,
562 1416 696 1478 absolute
709 1416 828 1480 dicens:
856 1405 1029 1478 Exoroino
1049 1415 1085 1476 te
1108 1403 1371 1476 immundissimo
1391 1400 1481 1494 spiri·

185 1520 260 1597 tus,
295 1511 471 1603 omnisque
497 1511 646 1583 incursio
667 1508 815 1580 Satanae
842 1518 877 1580 et
908 1529 1007 1580 omne
1035 1508 1261 1604 phantasma·
1294 1503 1333 1575 lu
1358 1505 1481 1575 nomine

184 1611 343 1705 Pa†tris
362 1621 397 1682 et
416 1611 539 1703 Fi†lii
558 1623 592 1683 et
611 1611 756 1707 Spiritus
776 1608 805 1702 'r
828 1610 957 1699 Sancti,
977 1621 1013 1681 ut
1032 1609 1176 1681 recedas
1195 1608 1237 1679 ab
1257 1607 1327 1679 lnoc
1347 1605 1436 1691 olco,
1453 1612 1481 1675 ut

185 1716 295 1811 possit
322 1712 412 1784 ellici
433 1716 548 1785 unctio
568 1713 727 1809 spiritalis
754 1713 797 1785 ad
823 1712 1115 1786 corroborandum
1141 1710 1307 1806 templum
1326 1708 1392 1780 Dei
1409 1708 1481 1793 vivi,

113 1869 122 1880 ,
185 1826 224 1887 ιι
252 1818 286 1886 ιι
319 1837 362 1888 eo
391 1819 500 1910 possit
523 1813 668 1911 Spiritus
692 1816 837 1889 Sanctus
864 1814 1032 1899 habitare,
1059 1837 1123 1908 per
1144 1835 1271 1884 nomen
1294 1811 1360 1882 Dei
1387 1811 1482 1882 Patris

187 1921 444 2012 omnipotentis,
477 1929 511 1989 et
542 1941 605 2013 per
635 1939 760 1989 nomen
793 1918 1001 1990 dilectissimi
1028 1916 1104 1986 Filii
1132 1919 1206 1988 eius
1224 1915 1363 1986 Domini
1388 1912 1482 1983 nostri

186 2017 265 2091 lesu
282 2017 418 2106 Christi,
440 2024 496 2113 qui
515 2030 680 2093 venturus
703 2032 755 2094 est
774 2020 924 2091 iudicare
946 2022 1048 2091 viros
1068 2029 1102 2089 et
1119 2029 1275 2090 momuos
1295 2026 1328 2088 ct
1344 2014 1481 2088 seculum

62 2163 66 2169 ·
187 2123 392 2214 perignem.
429 2125 471 2210 D.
493 2117 655 2215 Amen.¹)
686 2130 800 2192 Deinde
817 2130 954 2210 deposita
972 2133 1056 2192 mitre
1071 2130 1222 2192 benedicit
1234 2131 1327 2210 ipsum
1341 2127 1435 2189 olcurn
1447 2124 1481 2186 di·

189 2247 260 2290 oens
275 2229 376 2290 eadem
390 2247 479 2295 voce:
506 2220 604 2296 Dom.
626 2222 705 2294 vob.
749 2228 791 2316 ιι.
818 2223 862 2295 Et
884 2246 969 2296 oum.

293 2357 436 2429 θιειιιι.
483 2355 606 2429 Emitte
635 2380 839 2452 quaesumus
861 2359 1007 2431 Domine
1030 2356 1189 2455 Spiritum
1217 2356 1375 2429 Sanctum
1399 2364 1480 2426 tuum

186 2458 387 2555 paraclitum
414 2458 456 2529 de
484 2459 590 2533 caelis
615 2463 648 2531 in
678 2462 764 2532 hanc
790 2463 1030 2559 pinguedinem
1059 2463 1173 2534 olivae
1201 2481 1302 2555 quam
1331 2459 1373 2530 de
1394 2454 1480 2528 viridi

187 2561 282 2653 ligno
315 2560 507 2655 producere
532 2561 688 2656 dignatus
712 2586 749 2636 es
774 2564 816 2635 ad
838 2565 1061 2637 reiectionem
1082 2567 1203 2636 mentis
1225 2572 1261 2633 et
1283 2562 1433 2658 corporis
1450 2567 1480 2628 ut

186 2674 243 2735 tua
271 2672 386 2734 sancta
409 2663 690 2757 hene-idioticae
712 2669 754 2738 sit
782 2671 872 2738 omni
895 2666 961 2738 hoo
979 2677 1153 2761 unguento
1178 2663 1340 2737 caelestis
1361 2661 1479 2733 medici·

187 2786 254 2837 uae
280 2775 465 2861 peruncto,
493 2776 642 2838 tutamen
662 2771 784 2841 mentis
808 2777 842 2839 et
861 2772 1037 2864 corporis,
1072 2767 1113 2840 ad
1134 2765 1357 2839 evacuandos
1379 2783 1479 2837 omues

189 2865 342 2955 dolores,
364 2888 482 2941 omues
499 2868 721 2958 infirmitates,
744 2893 945 2966 omnemque
965 2870 1210 2964 aegritudinem
1228 2871 1353 2942 mentis
1371 2876 1403 2940 et
1417 2886 1478 2937 cor-

186 2973 295 3066 poris,
318 2969 408 3041 unde
431 2973 558 3044 unxisti
584 2970 804 3063 Sacerdotes,
827 2972 958 3066 Reges,
987 2972 1172 3069 Prophetas
1200 2982 1234 3043 et
1255 2969 1425 3066 Martyres
1446 2968 1479 3038 sit

189 3068 343 3145 Chrisma
364 3082 457 3175 tuum
477 3073 665 3169 perlectum
679 3069 825 3148 Domine
844 3075 942 3147 uobis
963 3098 983 3146 a
1004 3087 1038 3147 te
1059 3074 1274 3147 benedictum
1293 3089 1480 3170 permouem

187 3176 223 3243 in
247 3173 438 3247 visceribus
459 3179 594 3250 uostris.
637 3175 676 3248 ln
702 3182 838 3250 nomine
858 3178 1004 3250 Domine
1030 3180 1138 3251 nostri
1158 3176 1239 3250 Iesu
1267 3170 1439 3270 curent)

291 3316 343 3378 llis
364 3321 491 3401 expletis
508 3320 604 3383 oleum
618 3324 713 3405 ipsum
730 3325 835 3386 eodem
849 3325 935 3386 modo
951 3343 1008 3406 quo
1022 3332 1206 3407 apportatum
1219 3323 1276 3384 iuit
1291 3312 1329 3384 ad
1343 3322 1483 3384 samarian

190 3429 360 3500 reportatur
375 3432 404 3483 et
419 3423 644 3501 diligentissime
659 3437 862 3490 conservatur.
888 3426 1115 3489 TuncPontileu
1129 3435 1290 3488 reassumta
1307 3427 1401 3502 mitra,
1413 3422 1484 3485 sedet

83 3617 85 3621 Ι
190 3531 220 3584 et
240 3522 318 3585 lauat
330 3541 448 3604 manus,
469 3536 528 3587 tum
542 3528 637 3604 surgit
653 3539 682 3592 et
700 3549 764 3592 cum
780 3531 864 3591 mitra
878 3537 907 3590 et
921 3548 985 3591 cum
1000 3530 1139 3591 ministris
1154 3530 1215 3590 suis
1230 3529 1342 3589 ceteris
1357 3525 1483 3591 Sacerdo-

188 3832 192 3839 .
265 3787 293 3867 l)
314 3788 457 3864 Reperitur
471 3786 644 3846 lixorclsmus
664 3789 691 3846 in
707 3790 775 3849 (iod.
790 3791 905 3850 mutos.
922 3810 961 3850 sc.
977 3792 1000 3849 X
1016 3792 1069 3850 und
1084 3793 1120 3852 xt
1134 3793 1204 3867 apud
1218 3792 1382 3850 Gerlrerton.
1407 3786 1485 3843 Docti

190 3875 330 3932 conclusio
348 3874 405 3947 qui
419 3880 586 3930 venturus
600 3883 656 3932 est
670 3883 723 3932 etc.

258 3991 289 4067 ι)
304 3991 435 4049 Addimus
449 3992 611 4067 scripturam
627 3993 745 4050 Sacram.
761 3993 894 4051 Gelesinui
909 4001 936 4052 et
949 3993 1121 4066 Gregoriani,
1136 3993 1203 4052 cod.
1215 3993 1339 4067 Eligiaui
1351 3988 1484 4049 aondo

187 4077 317 4135 bonensis
338 4078 420 4134 modo
440 4079 652 4139 commemorati.
686 4079 717 4139 G.
739 4086 895 4145 sanctum
914 4098 962 4154 sp.
986 4080 1120 4153 paracl.
1151 4082 1195 4139 Gr.
1213 4081 1483 4153 spir-sct.tpar·

188 4161 223 4216 V.
246 4180 293 4234 sp.
318 4171 409 4221 tuum
429 4180 494 4237 par.
527 4165 557 4219 G.
579 4163 920 4238 pinguedinemolei.
951 4166 995 4224 Gr.
1011 4164 1041 4220 E.
1058 4163 1484 4223 V.adrelectionemoor·

189 4248 299 4319 poris.
330 4248 831 4321 G-nmniuugenti,gustauti,
846 4250 1009 4321 tangenti
1024 4249 1483 4319 tutamentumanimae,cor·

188 4332 519 4406 porisetspiritus.
551 4331 1178 4405 Gr.ungueuti,tnngeutitutament.
1209 4335 1482 4406 E.lrocungueu·

188 4419 256 4469 tum
278 4418 444 4487 tangenti
465 4425 646 4476 tutament
677 4418 710 4474 V.
733 4416 898 4484 sitmmui
922 4420 1086 4491 tangenti
1107 4426 1327 4492 unguentum
1343 4414 1482 4476 saluirt

189 4498 365 4557 medisina
388 4502 579 4561 coelestis.
609 4504 639 4562 G.
655 4503 1261 4564 omnemiulirmitntem.-umnem
1279 4520 1380 4576 eegr.
1408 4493 1480 4560 ort

189 4586 614 4660 ommaogritoorporis.
643 4590 914 4664 (tregesetpr.
