3046 4942
791 327 864 397 tet

173 520 211 586 io·
233 514 357 601 Deum,
379 511 514 583 Putrem
537 511 802 604 omnipotentem
824 519 888 583 etc.
943 516 1010 594 Quo
1033 520 1116 581 tuito
1140 517 1172 584 Ρ.
1192 515 1306 578 cedem
1333 534 1425 598 snper
1440 516 1482 577 iai-

175 627 329 687 distcrium
348 632 417 683 ente
436 622 562 683 medium
590 621 690 681 ulteris
713 623 838 699 imponit
850 619 950 680 umbus
965 638 1067 680 monus
1083 637 1176 699 cuper
1188 621 1289 698 cupite
1308 618 1480 696 singulum

175 746 274 790 eornm
300 743 337 786 eo
368 723 628 801 genuflectendum
658 722 761 782 dicens
786 721 922 783 cuilibet:
955 711 1088 807 Accipe
1116 710 1282 807 Spiritum
1313 710 1480 783 Sancum

175 840 320 914 quorum
341 817 517 889 remiseris
534 822 677 911 peccatu
698 815 912 887 remittentur
935 816 985 885 eis
1008 823 1043 885 et
1065 834 1209 907 quorum
1232 814 1419 886 retinuerit
1435 832 1478 883 re

177 931 269 992 lenm
279 927 394 1091 liiiio
412 1024 565 1106 explicent
587 1023 712 1085 menium
736 1044 820 1104 quum
835 990 1037 1104 uuusquisque
1053 1022 1143 1086 babet
1155 1040 1248 1102 super
1263 1023 1405 1084 humeros
1417 1041 1476 1083 con

178 1133 313 1214 plicatum
334 1129 428 1190 induit
444 1126 494 1188 illu
509 1126 688 1205 quemlibet,
707 1127 833 1205 singulis
853 1126 956 1187 diceus
981 1113 1115 1188 Stolnm
1138 1118 1363 1187 innocentiae
1382 1115 1476 1185 intitul
1512 1100 1515 1217 1

175 1236 211 1295 te
224 1225 400 1294 Dominus.
433 1228 470 1290 Et
483 1246 553 1290 mox
566 1228 765 1307 unusquisque
779 1230 884 1289 iterum
899 1227 934 1288 nd
951 1225 1124 1288 Pontiiicem
1137 1225 1256 1288 cecedit
1270 1235 1303 1286 et
1319 1225 1474 1304 pecodum
1513 1226 1515 1247 '

177 1335 264 1414 pouit
278 1349 378 1393 munus
393 1332 506 1391 iunctus
520 1329 599 1390 inter
612 1347 712 1389 munus
724 1329 876 1391 Pontificio
890 1328 1017 1389 dicentis
1032 1327 1163 1404 cuilibet,
1182 1328 1207 1388 ti
1223 1346 1298 1388 suus
1314 1327 1475 1388 estoldus

177 1435 239 1495 rius
261 1423 433 1494 Promittis
463 1420 544 1491 mihi
571 1430 606 1491 et
634 1420 894 1494 successoribus
913 1423 999 1513 meis
1020 1422 1254 1491 reverentiam
1274 1429 1312 1491 et
1335 1419 1476 1491 obedien-

176 1524 283 1599 tium?
330 1532 369 1593 Et
382 1532 434 1591 lile
448 1531 610 1610 respondet
624 1521 798 1594 Promitio.
827 1533 859 1593 Si
872 1549 946 1592 tero
959 1530 992 1593 P.
1006 1550 1065 1592 ncn
1081 1538 1129 1593 est
1141 1548 1214 1590 suus
1228 1530 1413 1607 ordinarint,
1423 1534 1476 1590 et·

178 1655 280 1697 munus
294 1652 403 1696 ‘comm
424 1634 501 1695 inter
516 1651 584 1692 suus
604 1642 700 1708 tenet,
714 1641 746 1693 ut
765 1634 946 1715 prueiertnr,
961 1632 1032 1694 dicit
1048 1631 1175 1710 singuiis
1188 1631 1383 1709 Presbyterlc
1394 1648 1476 1692 meet»

179 1737 290 1798 luribm
314 1726 486 1797 Promittis
507 1723 661 1796 Pontifici
681 1722 862 1797 Ordinuric
893 1736 953 1796 tuo
979 1734 1044 1795 etc.
1087 1732 1222 1811 Singulis
1242 1752 1320 1796 vero
1341 1733 1475 1812 llcpnlrri

177 1840 230 1900 ltu·
252 1829 425 1900 Promittis
446 1825 605 1897 Prcelulc
628 1826 801 1899 ordinario
824 1836 883 1899 tuo
903 1837 966 1896 etc.
990 1835 1028 1895 lit
1046 1835 1098 1897 lile
1124 1835 1291 1915 respondet
1317 1826 1475 1898 Promitte

280 1937 363 1998 Tunc
385 1937 417 1997 Ρ.
440 1946 545 1997 tenens
565 1955 666 1998 munus
684 1937 763 1999 illius
778 1939 857 1999 inter
872 1955 941 1998 suut
959 1935 1111 1998 osculetur
1124 1954 1365 2019 unumquemque
1378 1936 1477 1997 dicent:

177 2033 252 2104 Pux
270 2029 408 2101 Domini
428 2031 473 2101 sit
497 2050 634 2122 semper
659 2027 848 2100 vobiscum.
891 2036 929 2100 dt
943 2038 995 2099 ilie
1008 2038 1185 2120 respondet:
1205 2029 1331 2100 Amen.
1374 2037 1476 2100 litem·

177 2143 266 2222 pietit
280 2140 311 2202 P.
325 2139 435 2200 sedem
452 2139 589 2200 admonet
604 2156 673 2199 eos:
694 2129 781 2215 Quin
798 2152 857 2202 nes
877 2150 980 2224 qnam
997 2131 1175 2202 tractatori
1200 2134 1284 2205 ostis
1301 2120 1387 2203 sutis
1400 2130 1477 2226 pcli

175 2233 296 2305 culoso
317 2241 382 2319 est,
404 2230 464 2301 lilii
482 2231 705 2321 dilectissimi
731 2252 859 2305 moneo
876 2253 956 2321 vos,
978 2242 1015 2303 ut
1040 2231 1225 2324 diligenter
1242 2232 1344 2302 totius
1362 2235 1481 2304 nissae

177 2334 332 2406 ordinem
345 2343 447 2426 atque
459 2333 593 2405 hostico
601 2337 896 2406 consecrationem
911 2356 953 2403 cc
962 2332 1162 2405 fractionem
1172 2343 1208 2405 et
1217 2336 1480 2405 communionem

176 2436 218 2505 eb
246 2436 321 2507 aliis
348 2437 412 2503 ium
441 2433 551 2506 doctis
573 2431 818 2509 Sacerdotibus
845 2435 997 2525 discutis,
1022 2437 1222 2531 priusquam
1247 2433 1292 2543 cd
1313 2432 1479 2507 celebrer

175 2537 255 2607 dum
276 2534 416 2608 Missum
434 2535 616 2609 secedatis.
1513 2594 1515 2599 .

278 2647 309 2707 P.
324 2649 420 2723 surgit
433 2655 464 2706 ct
478 2646 665 2722 Presbyteris
679 2665 777 2707 corum
791 2665 829 2708 eu
843 2645 939 2707 adbuc
951 2645 1118 2724 genuflexit
1131 2645 1286 2709 benedicit
1299 2646 1403 2709 dicent
1413 2662 1478 2707 vett
1512 2622 1515 2759 1

177 2747 373 2824 competenti:
392 2737 593 2806 Benedictio
614 2736 680 2806 Dei
699 2740 940 2833 omnipotentis
958 2738 1006 2812 Pu
1020 2737 1052 2832 †
1065 2741 1127 2812 tris
1147 2750 1182 2811 ct
1203 2737 1245 2809 m
1258 2739 1292 2832 †
1306 2740 1344 2810 lii
1362 2748 1397 2809 et
1414 2735 1477 2833 spi
1512 2772 1515 2849 1

176 2840 260 2907 ritus
281 2835 312 2926 i
335 2832 452 2906 Sancti
470 2835 657 2908 descendet
675 2859 781 2932 super
800 2861 878 2928 vos,
898 2850 936 2912 ut
954 2842 1027 2914 sitis
1046 2839 1217 2913 benedicti
1237 2843 1273 2911 in
1295 2840 1417 2912 ordine
1435 2860 1476 2911 tt·
1513 2852 1515 2915 i

176 2935 345 3008 cerdotuii
363 2948 396 3008 et
418 2937 569 3008 offeretis
587 2937 774 3032 placabiles
796 2941 924 3014 hostius
946 2963 1010 3036 pro
1030 2945 1184 3038 peccetis
1204 2953 1310 3036 utque
1332 2943 1476 3014 odensic
1513 2958 1515 3011 l

108 3041 111 3044 ’
174 3037 274 3109 nibus
297 3039 413 3133 populi
441 3040 662 3133 omnipotenti
687 3039 777 3129 Deo,
805 3045 861 3113 cui
886 3052 941 3118 eet
962 3043 1074 3117 bonor
1097 3054 1134 3117 et
1159 3044 1273 3137 glorie
1295 3066 1361 3139 per
1380 3042 1475 3116 enuit
1513 3062 1515 3069 ·

176 3139 314 3212 saecula
341 3140 568 3211 saeculorum.
616 3146 659 3232 ἣν.
683 3141 809 3215 Amen.
1423 3152 1433 3163 '

276 3250 350 3310 Post
371 3251 446 3313 baec
467 3251 499 3311 P.
522 3254 704 3316 convertitur
721 3253 758 3315 td
777 3255 871 3317 aiore
894 3265 925 3317 et
945 3257 1135 3337 prosequitur
1152 3259 1282 3320 mittun.
1312 3257 1400 3319 iiictc
1414 3244 1474 3316 Plc-

176 3350 253 3412 ceel
283 3340 344 3412 tibi
371 3352 488 3414 sanctu
521 3354 586 3414 etc.
639 3354 673 3418 P.
703 3355 754 3416 dnt
782 3356 1021 3420 benedictionem
1051 3359 1168 3423 mittam
1195 3358 1318 3421 dicent:
1351 3347 1405 3423 sit
1426 3366 1472 3417 nc

177 3464 256 3513 men
275 3441 412 3514 Domini
432 3443 648 3516 benedictum
671 3456 735 3518 etc.
783 3458 856 3520 'ium
875 3458 960 3521 sedet
979 3469 1010 3521 et
1022 3459 1183 3542 alloquitur
1196 3460 1355 3523 ordientes
1367 3460 1473 3521 metir

178 3553 238 3614 tls:
266 3543 344 3615 Filii
370 3544 597 3634 dilectissimi,
627 3548 809 3641 diligenter
835 3552 1054 3624 considerate
1081 3554 1235 3625 ordinem
1263 3575 1329 3650 per
1347 3572 1415 3625 vos
1430 3569 1474 3624 tir
1513 3540 1515 3597 ἶ

176 3658 331 3742 sceptum
353 3669 394 3716 uc
417 3667 504 3718 onus
530 3648 680 3722 humeris
700 3656 825 3726 vestris
847 3656 1059 3748 impositum:
1080 3654 1216 3728 studete
1234 3664 1358 3731 cuncte
1381 3665 1415 3726 et
1430 3670 1473 3724 te
1512 3662 1515 3729 ἐ

178 3748 302 3839 ligicse
329 3753 451 3820 uivere
484 3760 585 3842 etque
607 3750 683 3822 Deo
716 3757 938 3850 omnipotenti
968 3758 1129 3850 placere,
1159 3767 1197 3828 ut
1226 3761 1374 3850 pretinm
1394 3771 1472 3831 suto
1511 3732 1515 3821 i

177 3853 315 3938 possitis
340 3850 521 3944 adquirere
542 3875 641 3946 quam
659 3855 734 3948 ipse
754 3857 855 3928 vobis
875 3879 1053 3953 persuum
1075 3859 1350 3933 misericordium
1367 3876 1472 3930 conte·

178 3945 260 4017 dere
282 3951 449 4043 dignetur.
924 3943 946 3995 ’-

281 4051 414 4143 Singuli
439 4054 483 4125 cd
504 4058 646 4151 primum
669 4067 844 4132 tonsuram
865 4059 923 4157 uel
944 4048 1156 4156 ted-quetuo‘r
1181 4062 1336 4151 minores
1354 4059 1470 4134 ordinet

178 4155 326 4242 promoti
349 4154 450 4226 dicite
470 4158 578 4229 semel
600 4157 665 4230 Vll
685 4160 841 4235 Psulmus
863 4163 1126 4261 poenitentiales
1146 4186 1224 4237 cum
1242 4164 1388 4253 titanos,
1411 4179 1470 4233 ttr-
1514 4206 1515 4215 κ

180 4248 296 4320 siculis
319 4262 352 4320 et
376 4256 592 4332 cretionibus.
636 4262 692 4335 Ad
712 4262 1001 4338 subdiaconatum
1020 4264 1081 4341 vel
1097 4264 1327 4343 Diuccuctum
1346 4264 1469 4343 Noctur-
1507 4294 1510 4301 ·

180 4366 260 4423 num
292 4351 368 4423 talis
401 4355 506 4455 diei1)
559 4362 616 4437 dd
645 4363 923 4460 Presbyterutum
959 4388 1046 4443 uero
1073 4366 1220 4447 ordinati
1244 4379 1326 4466 post
1349 4370 1467 4465 prium
1513 4426 1515 4461 ‚

198 4499 277 4511 -..-
300 4507 402 4519 Ἃ

136 4562 148 4579 ’
245 4560 272 4633 l)
296 4563 325 4616 id
337 4572 378 4620 cst
390 4570 507 4630 cilicium
522 4581 675 4639 matutinum
686 4584 741 4641 diei
754 4600 810 4658 quo
820 4585 938 4643 ordinali
952 4595 1022 4648 suut.
1054 4566 1058 4573 Ι
1499 4544 1509 4893 1
