3046 4942
675 316 748 387 377

33 578 36 583 ,
56 506 115 589 tue
136 496 310 589 obtulerit,
331 499 390 572 vel
408 506 541 572 sacrata
558 504 761 596 susceperit,
779 509 813 571 et
830 502 921 572 vitae
939 498 1088 574 subsidia
1104 502 1294 596 praesentis
1310 522 1366 571 oe

55 602 183 697 cipiet,
212 611 247 673 et
267 603 503 674 remissionem
525 604 673 673 omnium
692 613 910 699 peccatorum
931 605 1059 700 pariter
1079 612 1307 696 consequatur
1331 612 1367 674 et

43 706 204 798 -gretiem
239 707 468 800 sempiternae
506 704 726 779 redemtionis
757 708 930 801 pereipiat.
992 705 1060 777 Per
1093 702 1270 776 Christum.
1323 708 1364 795 ih.

16 803 207 879 Ἀιιιιιι.1
1262 817 1264 821 ’

54 938 65 955 ··
84 950 87 957 ·
161 804 308 978 ΡοΞιΙιιοο
321 916 461 978 Pontifex
477 925 598 997 accepte
613 918 707 994 mitre,
720 916 818 996 sedet,
832 928 862 980 et
875 920 998 980 ministri
1013 926 1172 996 extergant
1186 934 1315 979 mensum
1326 915 1367 978 ai·

39 1021 133 1083 ¹turis
158 1038 222 1080 com
237 1020 328 1079 linteo
342 1019 466 1097 mundo,
488 1027 519 1080 et
532 1037 601 1080 mox
616 1019 755 1082 Pontifex
769 1020 915 1083 thurificet
927 1039 1018 1102 super
1030 1020 1108 1081 illem
1125 1022 1154 1082 in
1171 1019 1289 1082 modum
1303 1036 1366 1081 eru·

44 1122 103 1189 eis
125 1123 154 1182 fn
168 1122 265 1183 medio
287 1132 318 1184 et
339 1123 369 1183 in
389 1131 514 1202 quatuor
528 1123 592 1183 eius
607 1122 760 1199 cornibus,
779 1141 837 1203 quo
855 1124 933 1186 facto
952 1124 1092 1185 Pontifex
1105 1102 1307 1204 ponititerum
1324 1123 1367 1183 in-

51 1240 179 1289 nusum
192 1226 222 1285 in
236 1225 383 1286 thuribulo
399 1223 514 1286 etilfud
528 1224 686 1301 benedicit,
699 1235 831 1306 utsupra
846 1227 999 1290 videlicet:
1025 1215 1082 1288 Ab
1102 1217 1163 1288 illo
1185 1215 1368 1288 benedica-

52 1320 107 1391 ris
124 1336 181 1390 etc.
201 1345 235 1389 ec
249 1327 334 1388 tradit
347 1329 396 1387 uni
410 1326 564 1387 Sacerdoti
578 1327 797 1407 superpelliceo
813 1330 926 1406 induto,
942 1330 991 1409 qni
1007 1329 1146 1391 continue
1158 1327 1250 1390 uitare
1266 1328 1367 1390 circuit

51 1430 257 1507 incensando,
278 1429 375 1491 donee
390 1431 573 1490 consecratio
587 1430 767 1509 perficietur,
790 1441 916 1511 excepto
931 1450 968 1492 eo
983 1440 1134 1512 tempure,
1156 1449 1213 1511 qun
1228 1430 1367 1497 Pontifex

54 1530 132 1594 iilud
145 1534 289 1604 incenset,
304 1540 374 1591 tunc
388 1532 463 1591 enim
474 1531 610 1592 Pontifici
626 1531 802 1591 thuribulum
816 1541 995 1612 praesentet,
1010 1542 1040 1594 et
1053 1549 1107 1612 per
1114 1532 1285 1593 Pontificem
1302 1532 1365 1593 thu·
1477 1549 1480 1553 ·

52 1636 192 1709 riiicato,
221 1632 292 1693 iilud
318 1633 423 1695 iterum
442 1634 551 1714 accipit
573 1642 603 1693 et
622 1642 655 1693 ut
674 1635 756 1713 prius
770 1635 913 1695 incenset.
957 1632 1029 1694 Tum
1042 1632 1180 1694 Pontifex
1194 1634 1288 1694 adhue
1302 1652 1367 1694 eum

51 1737 144 1799 mitra
171 1744 252 1796 auus
281 1735 416 1812 inchoat,
442 1734 545 1796 schola
575 1743 793 1814 prosequente,
823 1735 1072 1815 Responsorium:
1099 1724 1282 1818 Dirigutur.
1322 1730 1365 1796 ii.

51 1828 219 1905 Elouetio
239 1848 398 1898 manuum
417 1849 569 1898 mearum
590 1827 793 1900 sacrificium
812 1831 1055 1924 vespertinum.
1090 1834 1176 1911 Quod
1191 1835 1256 1896 dom
1271 1842 1367 1896 cante

52 1951 125 2018 tur,
142 1940 282 2001 Pontifex
298 1942 402 2001 circuit
412 1948 460 2000 ter
471 1939 563 2001 altere
575 1938 611 1999 ad
626 1938 757 2000 dextram
771 1941 910 2001 continue
925 1940 1129 2001 thurificando.
1159 1937 1254 1999 Finita
1268 1939 1368 1998 iucen-

31 2045 175 2117 ,sutiene
186 2043 325 2104 Pontifex
340 2042 473 2118 inchoat,
487 2041 589 2102 schola
602 2052 819 2122 prosequente,
832 2043 1045 2123 Antiphonem:
1064 2030 1187 2102 Erexit
1201 2030 1305 2103 iacob
1319 2031 1368 2101 la·

22 2138 30 2145 '
49 2136 171 2235 pidem
191 2138 223 2207 in
242 2135 386 2223 titulum,
409 2133 555 2207 fundens
577 2134 692 2206 oleum
714 2134 874 2231 desuper,
896 2146 1013 2207 votum
1035 2137 1133 2207 vovit
1154 2132 1230 2207 Deo
1252 2132 1365 2205 lacoh.

50 2238 216 2313 Prolatus.
253 2236 361 2323 Quam
385 2237 507 2308 dilecta
529 2255 585 2308 etc.
628 2245 665 2307 Et
688 2265 746 2307 nnn
766 2247 872 2307 dicitur
891 2236 1017 2309 Gloria.
1052 2247 1128 2307 Dum
1149 2245 1317 2327 Antiphone
1336 2253 1368 2307 et

51 2350 189 2413 Ptafmus
210 2350 352 2430 praedicti
366 2357 520 2409 cantantur
537 2348 676 2409 Pontifex
690 2358 770 2410 stans
784 2367 848 2409 curn
860 2352 960 2425 mitre,
979 2351 1099 2425 intingit
1112 2348 1250 2427 pollicem
1265 2347 1366 2408 dexte·

53 2470 113 2515 ree
131 2471 232 2513 manus
257 2452 285 2512 in
309 2451 407 2513 oleum
427 2450 720 2527 catechumenorum,
743 2460 774 2511 et
794 2468 858 2511 cum
878 2469 914 2512 eu
928 2452 958 2510 in
972 2450 1069 2510 medio
1082 2448 1182 2509 altaris
1200 2458 1230 2509 et
1243 2457 1367 2528 quatuor

25 2584 28 2589 ·
56 2556 124 2617 eius
150 2554 306 2630 cornibus,
329 2554 357 2613 in
379 2553 454 2614 locis
476 2553 504 2613 iu
522 2553 626 2632 quihus
643 2553 755 2614 fecerat
769 2571 872 2614 cruces
886 2553 923 2614 de
936 2570 1010 2632 aqua
1023 2549 1195 2627 benedicte,
1215 2549 1367 2625 uidelicet,

52 2658 179 2739 primam
194 2659 222 2718 in
236 2657 332 2717 medie
347 2656 465 2732 altaria,
479 2656 637 2717 secundam
653 2657 681 2715 in
701 2656 807 2717 dextro
820 2655 980 2736 posteriori
994 2655 1014 2714 i.
1029 2672 1058 2714 e·
1070 2651 1238 2730 Evangelii,
1253 2651 1369 2712 tertiam
1405 2658 1414 2671 “

54 2762 86 2822 iu
100 2762 220 2820 sinistro
235 2760 387 2836 anteriori,
403 2767 531 2839 quartam
545 2759 574 2819 in
590 2758 695 2820 dextro
709 2759 862 2836 anteriori,
877 2760 1005 2838 quintam
1019 2758 1048 2818 in
1062 2757 1183 2817 einietro
1196 2752 1367 2835 posteriori,

54 2860 173 2936 dicens,
188 2861 252 2921 dum
266 2861 399 2938 singulae
413 2879 516 2922 cruces
531 2862 615 2922 facit:
634 2850 927 2945 Seruili-licetur,
946 2860 980 2922 et
997 2847 1265 2938 conse†creiur
1281 2848 1367 2943 lupis
1456 2922 1462 2937 ‚

10 2956 134 3045 “gista
178 2951 216 3023 ln
238 2955 375 3022 nomine
397 2952 553 3043 Pa†tris
575 2963 609 3023 et
629 2952 759 3043 Fi†lii
782 2963 816 3025 et
836 2953 982 3048 Spiritus
1003 2951 1034 3042 †
1056 2952 1184 3039 Sancti,
1205 2953 1240 3021 in
1260 2948 1363 3022 hono·

51 3077 133 3130 rem
152 3053 218 3124 Dei
239 3062 273 3124 et
294 3052 468 3144 gloriosae
486 3052 638 3145 Virginis
656 3054 785 3126 Mariae
804 3065 905 3148 atque
923 3057 1071 3125 omnium
1089 3054 1307 3141 Sanctorum,
1325 3050 1366 3122 ed

48 3168 184 3233 momen
208 3166 241 3227 et
260 3157 457 3226 memoriam
481 3154 597 3225 Sancti
616 3154 656 3225 N.
702 3157 776 3228 Pex
800 3156 870 3226 tihi.
919 3165 1035 3227 Deinde
1061 3164 1218 3241 Pontifex,
1244 3172 1367 3245 accepto

48 3269 209 3335 thuribulo
228 3266 420 3328 eSacerdote
441 3266 534 3329 altare
553 3268 741 3346 incensante,
762 3269 900 3348 imposito
922 3276 953 3328 et
971 3267 1148 3344 benedicto,
1171 3275 1204 3326 ut
1222 3267 1306 3346 prius
1324 3267 1368 3326 in·

41 3390 167 3450 unse,
189 3380 270 3432 smne
291 3386 355 3431 eum
376 3370 477 3447 mitra,¹
500 3368 619 3431 inchoat
634 3370 734 3432 schole
748 3380 948 3452 prosequente
964 3369 1211 3452 hesponsorium:
1233 3360 1369 3451 Dirigu-

47 3478 120 3545 tur.
165 3472 202 3535 iit
216 3472 324 3534 dicitur
338 3480 440 3533 totum.
480 3471 546 3548 Quo
559 3475 678 3553 incepto
692 3472 831 3535 Pontifex
846 3474 949 3535 circuit
963 3474 1054 3535 semel
1068 3473 1160 3536 uitare
1173 3471 1209 3534 ad
1224 3456 1367 3542 dextram,

49 3576 250 3643 thurificando
265 3573 347 3650 iilud,
365 3573 470 3635 deinde
486 3577 622 3637 restituto
631 3576 779 3638 thuribulo
790 3575 954 3653 Sacerdoti,
964 3576 1204 3659 etfleepunsoriu
1217 3574 1309 3648 finito,
1318 3569 1366 3630 de

49 3682 153 3765 potita
169 3680 252 3739 mitra
268 3678 352 3738 dicit:

161 3774 305 3845 weram.
341 3778 380 3840 lit
392 3779 531 3841 ministri:
553 3769 747 3844 Flectamus
767 3792 888 3865 genua.
930 3776 972 3865 fir.
994 3770 1132 3841 Levete.
1175 3763 1278 3839 Adsit
1297 3764 1366 3836 Do·

48 3878 147 3949 mine
174 3872 431 3948 misericordiae
457 3882 535 3943 tuae
562 3873 741 3945 ineffabilis
766 3877 889 3969 pietas,
907 3876 951 3946 'et
975 3896 1078 3968 super
1104 3872 1194 3943 hunc
1220 3867 1365 3961 lapidem
1482 3914 1488 3923 -

50 4000 159 4075 opem
184 3988 263 4048 tuae
285 3976 373 4047 hene
389 3975 420 4068 †
436 3974 592 4047 dictionis
615 3985 649 4046 et
671 3978 830 4048 virtutem
857 3988 936 4048 tuae
956 3976 1125 4047 unctionis
1152 3969 1306 4058 infunde,
1330 3979 1367 4042 ut

48 4092 90 4155 te
113 4081 293 4173 largiente,
314 4077 443 4148 referat
464 4080 650 4173 praemium
674 4079 824 4173 quisquis
846 4078 996 4149 intulerit
1016 4086 1143 4148 votum.
1183 4074 1250 4144 Per
1271 4072 1368 4144 Chri·

50 4192 154 4259 stum.
198 4187 240 4273 ip.
265 4186 385 4251 Amen.
1336 4182 1343 4189 '

161 4295 302 4357 Oratione
319 4290 397 4352 finita
412 4290 551 4353 Pontifex
566 4291 694 4370 inchoat,
711 4291 811 4354 schola
826 4297 1029 4372 prosequente
1041 4287 1251 4368 Antiphonem:
1266 4275 1366 4348 Mane

54 4410 206 4482 surgens
228 4382 332 4457 iacob
355 4382 509 4476 erigebat
532 4385 679 4482 lapidem
701 4388 735 4457 in
754 4384 899 4476 titulum,
918 4380 1192 4456 fundensoleum
1209 4380 1365 4476 desuper,

129 4606 158 4680 t)
173 4606 231 4663 Non
247 4605 408 4676 investigavi
424 4605 582 4663 Orationem
598 4610 624 4663 in
640 4607 716 4664 fibris
732 4608 853 4664 vetustis.

1091 4692 1149 4757 ao*
