3046 4942
810 288 888 357 tot)

195 490 227 550 Si
242 503 316 547 vero
327 485 417 546 luerit
428 483 577 564 sepultura
590 483 620 543 in
633 479 702 541 loeo
715 479 855 560 prolana,
869 482 895 542 ui
912 477 1068 541 commode
1080 477 1145 540 deri
1157 480 1282 559 poterit,
1295 476 1504 555 exbuurubltu,

194 600 226 652 et
238 588 343 650 eodem
356 586 445 647 modo
459 584 677 660 verberabitur,
690 591 803 663 etpost
816 582 1034 645 absolutionem
1047 582 1079 642 ln
1090 580 1160 643 loco
1174 599 1262 643 asora
1273 579 1502 661 sepelietur‚aa'd

194 693 221 752 si
235 688 388 751 commode
403 687 555 748 uxbumari
569 696 629 747 non
643 693 760 765 potest,
783 684 869 746 locut
886 682 1060 764 sepulturae
1072 682 1267 760 verberetur,
1293 691 1405 763 postea
1419 683 1501 744 absol

194 800 289 853 rator.
329 788 414 865 Quod
433 792 459 851 al
480 791 510 850 lo
532 788 601 849 loco
615 804 702 848 sacro
715 788 756 846 uit
768 785 903 867 sepultus
916 803 977 848 nou
991 782 1218 863 exhumbltur,
1237 784 1293 846 sed
1307 784 1503 846 uerbenbitur

194 894 375 973 sepulcrumc
419 893 494 953 Dum
515 899 612 950 eutem
631 902 742 967 corpus
762 890 827 949 aire
840 887 1021 969 sepulturum
1035 887 1330 949 verberatsacerdos
1343 884 1501 948 dicutdatl

194 995 339 1075 phocam:
366 983 578 1058 Exultabunt
597 983 746 1052 Domino
774 996 854 1053 ossa
875 981 1050 1051 humiliata
1106 989 1214 1052 Pastor.
1254 977 1428 1051 Miserere
1446 981 1501 1050 mei

196 1088 292 1157 Deus
319 1096 383 1157 etc.
427 1097 494 1170 Quo
518 1095 597 1155 iacto
621 1092 811 1167 absolvatur,
835 1091 977 1154 dicendo:
1000 1081 1218 1153 Auctorllule
1243 1081 1327 1152 mibi
1346 1100 1500 1152 concessu

196 1210 265 1280 ego
292 1199 327 1258 te
351 1188 497 1258 absolvo
524 1209 543 1255 a
570 1185 710 1256 vinculo
738 1185 1102 1256 excommunicationis
1124 1204 1226 1277 quarn
1245 1186 1422 1255 incurristi
1446 1179 1499 1275 (rol

196 1291 385 1360 incurrisse
411 1287 605 1358 declaratus
635 1285 695 1380 es)
718 1294 860 1381 propter
884 1286 955 1357 tale
977 1283 1104 1356 factum
1126 1294 1162 1356 et
1187 1289 1333 1358 restituo
1361 1294 1397 1354 te
1421 1304 1499 1354 com*

197 1391 350 1460 munioni
377 1387 527 1458 bdelium
553 1391 589 1460 ln
620 1389 757 1459 nomine
790 1387 901 1460 Patris
926 1388 957 1480 †
986 1396 1021 1456 et
1047 1386 1124 1458 Filii
1154 1396 1189 1458 ct
1215 1385 1365 1481 Spiritus
1387 1385 1498 1456 Sancti.

197 1489 320 1561 Amen.
360 1499 475 1559 Deinde
502 1499 614 1559 dicutur
638 1499 743 1560 Psalm.
792 1489 847 1560 De
869 1488 1048 1583 profundis
1073 1499 1104 1558 ln
1133 1499 1192 1559 linc
1213 1488 1385 1583 Requiem
1404 1497 1498 1558 aeltr-

197 1613 276 1664 nam
297 1591 387 1661 dona
407 1594 439 1661 ei
459 1589 615 1661 Domine.
641 1596 684 1681 lp.
727 1589 771 1662 Et
796 1592 858 1661 lux
878 1602 1046 1687 perpetua
1071 1590 1186 1661 luceat
1208 1594 1249 1661 ci,
1293 1589 1403 1683 Kyrie
1426 1589 1497 1659 olel·

198 1713 272 1764 son
314 1690 450 1763 Christe
470 1690 615 1763 eleison.
656 1693 764 1786 llyrie
783 1694 929 1765 eleison.
968 1692 1072 1763 Pater
1090 1704 1219 1765 noster.
1240 1699 1284 1767 V.
1324 1691 1372 1762 Et
1387 1711 1430 1761 ne
1444 1709 1496 1761 nos

198 1793 339 1864 inducas
365 1796 400 1863 in
434 1796 665 1865 tentationem.
688 1800 731 1886 ll.
779 1794 849 1868 Sed
875 1795 985 1866 libera
1007 1815 1072 1866 nos
1099 1815 1119 1863 u
1142 1793 1243 1865 malo.
1268 1801 1312 1867 lll.
1360 1794 1496 1888 Aperta

199 1894 308 1964 inferi.
335 1899 378 1984 Pe.
421 1893 515 1965 Erue
533 1895 680 1969 Domine
701 1898 846 1967 unimam
872 1900 956 1969 eius.
981 1903 1024 1969 tt.
1064 1895 1273 1989 Requiescat
1293 1898 1329 1965 in
1350 1917 1442 1989 pace.
1459 1895 1496 1980 ly.

201 1996 321 2070 Amen.
343 2003 386 2068 tt.
431 1997 577 2067 Domine
599 1998 726 2068 exandi
748 2002 940 2070 orationem
959 2018 1080 2068 meam,
1104 2003 1147 2089 lp.
1199 1995 1244 2068 m
1264 1997 1398 2067 clamor
1415 1998 1518 2089 meni

87 2186 94 2194 ,
200 2096 243 2167 ad
267 2100 446 2167 iuveniat.
470 2105 513 2171 v,
561 2098 729 2171 Dominus
754 2099 944 2173 vobiscum.
967 2105 1011 2192 ll.
1059 2098 1104 2169 Et
1130 2121 1208 2170 cum
1229 2101 1352 2193 spiritu
1373 2108 1439 2169 tuo.

302 2196 458 2270 Oremus.

299 2296 354 2369 Da
375 2318 580 2390 quaesumus
605 2301 753 2372 Domine
772 2303 905 2372 animae
924 2301 1042 2373 iomuli
1066 2303 1128 2388 tui,
1151 2319 1253 2394 quem
1280 2297 1492 2371 excommuul·

200 2399 343 2470 calionis
364 2401 530 2468 sententia
552 2407 824 2492 constrinxerat,
850 2403 1024 2496 refrigerii
1050 2403 1190 2488 sedem,
1218 2403 1344 2496 quietis
1369 2400 1493 2472 beatitu-

127 2600 136 2612 ἃ
200 2499 326 2584 dinem,
343 2506 388 2688 ἐι
411 2501 552 2668 supremi
576 2500 710 2574 luminis
732 2504 939 2592 claritatem,
960 2505 1029 2577 Per
1049 2503 1220 2576 Christum
1240 2503 1424 2575 Dominum
1445 2521 1493 2570 no

199 2611 316 2674 snum.
379 2654 386 2667 .
471 2618 559 2666 men.

201 2767 262 2837 Dc
290 2764 412 2837 modo
441 2760 703 2836 absolvendi
729 2787 749 2834 a
772 2762 1079 2868 Suspensiono
1099 2771 1172 2846 vel
1193 2771 1242 2845 ub
1264 2768 1492 2847 interdicto

310 2876 432 2940 extra
454 2865 529 2938 vel
554 2867 669 2936 intra
695 2871 1409 2949 sacramentalemconfessionem.

301 3011 335 3071 Si
353 3009 504 3071 sacerdoti
518 3010 557 3069 uit
572 3009 727 3074 commissu
740 3008 864 3069 facultas
882 3008 1056 3072 absolvendi
1074 3013 1201 3091 aliquem
1217 3020 1442 3098 auuupanuione
1455 3010 1499 3098 val,

200 3111 369 3186 interdicto,
388 3113 518 3190 quamuis
532 3109 613 3170 nulla
625 3110 716 3171 rerba
731 3111 793 3171 sint
804 3112 964 3189 praecipue
979 3111 1188 3188 determinata,
1202 3119 1243 3176 uti
1258 3122 1371 3196 poterit
1385 3118 1436 3180 bro
1447 3115 1492 3175 ior

200 3211 286 3272 mula.
319 3212 490 3295 ‘Poenitens
518 3212 611 3273 dicat:
642 3198 816 3276 Gonfileor
837 3200 914 3297 Deo
938 3211 1002 3272 eto.
1049 3213 1211 3273 Sacerdos:
1234 3205 1438 3281 Miseruulttl·
1457 3205 1494 3276 lul

201 3313 266 3373 etc.
302 3301 554 3394 indulgentiam
572 3314 635 3393 etc,
669 3301 885 3373 Auctoritatu
905 3302 985 3374 mibi
1003 3304 1046 3373 nb
1065 3302 1105 3373 N.
1120 3304 1261 3393 tradita,
1280 3328 1350 3397 ego
1368 3307 1494 3382 absolvo

200 3413 235 3475 te
256 3423 276 3472 a
298 3404 438 3475 viuculo
461 3407 696 3500 suspensionis
720 3401 784 3498 (vel
810 3403 1121 3498 interdict1)quam
1146 3401 1211 3497 (rel
1235 3406 1347 3501 qnod)
1373 3419 1494 3504 propter

200 3503 270 3575 tale
288 3502 416 3574 factum
437 3504 500 3601 (vel
523 3505 678 3603 causam)
698 3508 869 3577 incurristi
892 3504 960 3601 (sau
980 3508 1168 3578 incurrisse
1187 3506 1386 3580 declaratus
1404 3509 1495 3603 uslit

200 3606 471 3680 nomine-Patris
490 3607 522 3698 r
542 3620 575 3680 et
595 3608 676 3679 Filii
697 3616 731 3676 et
758 3605 903 3702 Spiritus
927 3606 1052 3678 Sancti.
1091 3607 1214 3678 Amen.

301 3717 334 3776 Si
350 3734 422 3778 vcro
432 3719 623 3801 confessario
636 3719 702 3776 sire
716 3719 745 3776 in
758 3717 825 3777 loro
840 3718 1053 3793 conscientiae,
1066 3719 1131 3779 aira
1144 3727 1230 3779 extru
1243 3717 1312 3780 data
1326 3728 1374 3782 est
1383 3725 1496 3800 potestat

200 3808 389 3897 dispensandi
403 3837 494 3899 super
508 3819 737 3896 irregularitate,
751 3827 820 3878 tuuc
833 3827 988 3901 postquam
1000 3818 1163 3882 absolverit
1176 3838 1192 3880 a
1203 3819 1496 3900 peecattsattrtoos

201 3927 378 3997 sequenter:
968 3922 971 3927 ’
1039 3985 1043 3992 ,

301 4008 345 4079 Et
367 4009 488 4080 eadem
509 4011 711 4084 auctoritato
733 4010 894 4106 dispenso
910 4003 1027 4082 ¹lecum
1050 4033 1155 4106 super
1173 4012 1429 4104 irregularitate
1448 4009 1494 4105 (ol

198 4102 520 4202 irregularitatlbus,
542 4121 567 4179 at
585 4127 654 4180 root
673 4117 790 4200 plures)
811 4113 847 4182 in
868 4130 968 4206 quam
990 4109 1055 4204 (rel
1073 4117 1110 4183 in
1129 4110 1229 4208 quas)
1248 4110 1292 4184 ob
1310 4114 1418 4185 talem
1430 4130 1493 4183 cuu-

161 4278 164 4283 ,
199 4230 272 4280 sam
300 4206 477 4303 (vulteius
503 4232 638 4299 causus,
665 4236 716 4282 aas
743 4214 954 4310 exprimendo)
975 4216 1146 4287 incurristi
1172 4221 1208 4284 at
1232 4212 1384 4286 bubilem
1404 4209 1493 4286 reddo

201 4320 235 4378 et
253 4312 396 4381 restituo
419 4322 456 4382 tc
477 4316 675 4384 executioni
697 4313 854 4384 ordinum
880 4323 915 4384 et
937 4313 1129 4397 officiorum
1149 4325 1287 4386 tuorum
1312 4317 1350 4387 in
1376 4315 1502 4388 noum-

201 4405 311 4480 Patris
331 4411 363 4500 †
386 4420 420 4480 et
442 4412 519 4484 Filii
546 4425 580 4485 et
606 4414 752 4507 Spiritus
772 4411 897 4485 Sancti.
943 4415 1066 4491 Amen.

302 4519 334 4579 st
348 4519 458 4580 nultum
472 4521 708 4585 habetordiuen
722 4522 850 4585 dicatur:
879 4514 1026 4587 babilam
1050 4514 1161 4588 reddo
1185 4525 1221 4588 te
1246 4515 1292 4589 ud
1316 4537 1437 4591 omnes
1452 4529 1490 4585 ol·
