3046 4942
799 333 875 401 350

288 528 359 588 Τιιιιι
381 526 527 586 thurificat
547 526 639 603 ipsam
663 541 780 585 crucem
801 533 831 584 et
854 524 918 601 figit
936 525 966 583 in
986 524 1151 585 summitate
1170 524 1235 584 eins
1252 541 1343 584 uuam
1359 541 1399 584 ex
1415 525 1498 585 tribue

188 629 317 691 candelis
342 627 513 689 ardentibus
536 635 565 685 et
587 624 657 685 alias
672 625 743 685 duas
764 627 794 684 in
816 623 930 685 dnobus
946 623 1058 691 brabiis
1076 624 1207 686 ciusdem
1224 626 1325 687 crucis
1340 635 1373 686 et
1385 635 1495 707 accepts

185 733 286 801 mitra,
307 730 387 792 radit
400 729 436 790 ad
451 745 567 790 crucem
581 727 617 787 ad
632 727 782 787 dexteram
796 727 911 787 mediae
924 728 1067 807 positam,
1086 728 1277 806 aspergendo
1291 746 1400 806 squam
1412 727 1489 789 bene

185 832 290 893 dictam
313 850 367 911 per
389 831 598 892 coemeterium
613 838 643 888 et
658 827 783 888 diceudo
803 845 867 888 cum
884 828 1023 888 ministris
1042 820 1210 891 Psaltrstsm
1229 820 1384 891 Domine
1404 824 1486 891 nait

183 923 302 995 furore
325 932 394 993 tuo.
431 931 496 991 Non
520 930 626 990 dicitur
647 917 773 990 Gloria.
812 930 877 1002 Quo
898 928 976 989 dicto
992 928 1130 991 Pontiiex
1147 941 1227 992 stans
1246 933 1483 1015 antsipsemere

148 1066 152 1073 «
185 1052 247 1095 cem
264 1033 399 1112 deposita
412 1034 496 1092 mitra
511 1031 596 1091 dicit:
804 1113 809 1119 ἢ

176 1183 187 1193 .
287 1127 432 1197 Oranus.
467 1122 613 1192 Domine
628 1121 736 1208 Deus,
757 1131 875 1215 pastor
896 1130 1058 1193 aeternae
1079 1124 1212 1215 gloriae
1237 1134 1271 1194 et
1292 1125 1368 1212 lux,
1391 1114 1481 1197 boner

184 1230 385 1322 sapientiae,
404 1234 521 1295 custos
541 1233 573 1292 et
592 1225 695 1314 vigor
711 1222 923 1315 prudentiae,
939 1224 1033 1295 salus
1051 1216 1318 1316 aegrotantium,
1338 1226 1480 1296 valetudo

184 1330 383 1424 petentium,
405 1334 622 1397 moestorum·
638 1324 811 1410 solamen,
834 1325 905 1395 vita
926 1326 1105 1414 iustorum,
1125 1325 1237 1416 gloria
1258 1326 1481 1413 humiliamus

118 1480 121 1487 -
184 1429 359 1524 supplices
375 1427 580 1519 flagitamus,
601 1435 637 1496 ut
654 1425 719 1495 hec
736 1447 918 1497 servorum
936 1435 1072 1497 tuorum
1091 1431 1338 1498 coemeterium
1354 1428 1481 1498 abund

184 1533 369 1625 spurcitiae
388 1531 641 1622 inquinamento
663 1536 697 1598 et
712 1525 960 1597 immundorum
973 1530 1149 1623 spirituum
1164 1529 1297 1600 insidiis
1315 1529 1481 1616 custodire,

183 1630 349 1702 mundare
376 1639 411 1700 et
435 1629 525 1699 bene
546 1625 578 1718 †
603 1629 719 1698 dicere
746 1627 898 1721 digneris
924 1638 1026 1723 atque
1054 1629 1258 1724 corporibus
1285 1631 1482 1701 humanisin

88 1819 91 1823 ,
183 1732 274 1803 hunc
294 1732 406 1803 lucum
429 1729 689 1802 advenientibus
709 1731 938 1802 sinceritatem
957 1740 1157 1826 perpetuam
1176 1731 1331 1802 tribuere
1352 1754 1421 1803 non
1439 1731 1483 1802 ds

83 1858 86 1862 ·
139 1926 146 1932 .
179 1837 288 1922 sinas,
314 1842 351 1903 ut
378 1836 571 1927 quicunque
598 1832 762 1927 Baptismi
788 1829 1045 1905 Sacramentum
1070 1835 1291 1928 perceperint
1318 1844 1353 1904 et
1380 1832 1485 1904 iulide

184 1935 353 2006 catholica
375 1956 485 2029 nsque
506 1934 549 2004 ad
570 1937 662 2005 vitae
680 1937 850 2004 terninum
870 1944 1137 2029 perseverantes
1157 1933 1298 2023 inerint,
1321 1944 1423 2029 atque
1440 1934 1486 2005 de

184 2058 286 2109 curso
313 2035 413 2109 huius
439 2039 519 2107 aevi
542 2038 700 2123 termino,
727 2057 875 2130 corpora
902 2057 964 2107 sua
990 2039 1025 2106 in
1044 2035 1111 2107 hoc
1134 2039 1346 2106 coemeterio
1369 2036 1488 2131 requisi

185 2137 522 2227 commendaverint,
542 2137 723 2230 Angelicis
738 2137 827 2208 tubis
842 2137 1141 2232 concrepantibus,
1160 2141 1295 2208 animae
1310 2139 1410 2211 simul
1421 2157 1487 2209 cnm

186 2240 389 2335 corporibus
415 2243 565 2335 praemia
601 2238 803 2311 coelestium
837 2238 1040 2332 gaudiorum
1065 2242 1254 2335 percipiant
1282 2243 1485 2335 sempiterna.

186 2341 253 2412 Per
281 2339 458 2415 Christum.
498 2347 541 2433 lp.
567 2337 731 2437 Amenl)

288 2453 404 2515 Deinde
426 2454 573 2514 thurificat
591 2455 684 2533 ipsam
705 2471 820 2515 crucem
836 2464 866 2517 et
885 2454 949 2532 tigit
962 2462 995 2515 ut
1007 2463 1091 2515 antea
1106 2452 1244 2515 candelas
1259 2463 1323 2513 tras
1340 2454 1371 2513 iu
1386 2451 1488 2513 sumni·

186 2565 246 2618 tate
269 2556 362 2635 ipsius
383 2558 488 2617 crucis.
534 2555 606 2616 'ium
626 2564 747 2636 accepta
766 2558 850 2616 mitra
873 2557 953 2617 radit
968 2557 1004 2618 sd
1021 2574 1137 2618 crucem
1153 2575 1228 2637 quae
1243 2563 1291 2616 est
1304 2554 1341 2617 ad
1354 2556 1487 2616 sinistrum

185 2657 300 2721 mediae
316 2661 423 2737 crucis,
435 2660 542 2738 posita,
557 2658 746 2738 aspergendo
762 2676 881 2738 semper
895 2676 997 2739 aquam
1012 2657 1194 2719 benedictam
1210 2675 1266 2736 per
1279 2658 1487 2730 coemeterium,

151 2836 169 2857 ι
186 2759 312 2822 dicendo
335 2779 398 2821 eun
420 2761 561 2821 ministris
582 2751 750 2822 Pessimum
769 2750 916 2822 Domine
938 2750 1064 2822 exaudi
1087 2753 1278 2824 orationem
1302 2771 1424 2821 meam.
1458 2755 1487 2818 ιιι

187 2879 245 2923 uon
259 2862 367 2922 dieitur
381 2853 511 2924 Gloria.
556 2863 622 2935 Quo
636 2861 715 2924 dicto
730 2872 811 2923 stans
825 2872 893 2923 ante
907 2864 999 2942 ipsam
1014 2880 1129 2924 crucem
1144 2862 1281 2942 deposita
1296 2864 1382 2924 mitra
1395 2861 1468 2922 dicit:

121 3048 124 3053 ν
291 2956 435 3027 Oramus.
476 2954 623 3026 Domine
645 2953 724 3027 lesu
745 2952 895 3044 Christe,
918 2957 975 3049 qui
997 2978 1123 3052 corpus
1144 2955 1328 3025 humanum
1348 2954 1393 3026 de
1412 2964 1485 3024 terri

186 3078 249 3152 pro
270 3058 427 3149 angelica
445 3059 664 3153 reparatione
683 3055 838 3130 formasti
856 3068 890 3129 ct
908 3059 942 3128 in
960 3066 994 3129 te
1011 3078 1075 3152 pro
1093 3057 1332 3151 redemptione
1351 3075 1484 3147 assump-

187 3161 273 3247 sisti,
292 3162 328 3229 in
348 3169 476 3230 terram
494 3180 557 3255 pro
581 3158 778 3231 conditione
800 3163 912 3231 carnis
934 3158 1085 3232 resolvis
1113 3169 1147 3229 et
1173 3159 1217 3229 de
1240 3169 1337 3229 terra
1360 3179 1421 3254 pro
1438 3158 1485 3225 irn-

188 3260 392 3330 mertalitate
413 3261 647 3351 resuscitabis,
669 3260 757 3331 hanc
776 3271 903 3332 terram
931 3282 1137 3355 quaesumus
1161 3259 1203 3331 ad
1229 3282 1331 3333 usum
1353 3257 1486 3354 sepultu-

188 3358 313 3430 raeda
338 3360 577 3434 benedictione
600 3365 648 3433 tui
671 3364 795 3457 sepulti
818 3366 975 3458 corporis
999 3384 1105 3434 conse
1119 3363 1150 3455 ι
1164 3384 1265 3433 crare
1286 3362 1487 3454 dignares

188 3465 224 3531 in
246 3459 455 3556 Baptismate
477 3462 536 3534 tibi
562 3465 784 3560 consepultos
805 3467 838 3534 in
861 3473 982 3535 natura
1005 3467 1117 3536 carnis
1137 3464 1193 3533 hic
1214 3460 1487 3559 consepeliendus

95 3592 101 3601 ’
189 3563 252 3637 sub
283 3584 347 3658 spe
375 3571 455 3633 tuae
482 3569 744 3638 resurrectionis
770 3570 805 3636 in
831 3576 910 3638 tuae
936 3564 1158 3637 redemtionis
1182 3565 1419 3637 misericordie
1441 3583 1488 3633 re

190 3668 370 3760 quiescere
394 3665 556 3737 concede.
605 3665 671 3750 Qui
695 3678 862 3741 venturus
885 3691 924 3741 es
943 3666 1096 3739 iudicare
1116 3670 1219 3739 vivos
1239 3677 1276 3738 et
1294 3677 1441 3739 momnos
1458 3671 1490 3733 et

189 3768 364 3840 saeculum
392 3789 455 3862 per
477 3771 600 3858 ignem.
647 3771 690 3857 ιιι.
716 3769 839 3841 Amen.

291 3878 365 3939 Turn
378 3878 525 3939 thurificat
539 3879 631 3958 Ipsam
646 3895 763 3939 erucem
778 3890 808 3945 et
822 3882 888 3942 buis
902 3890 934 3943 ut
947 3889 1033 3941 antea
1042 3880 1145 3941 ineius
1154 3880 1325 3940 summitate
1335 3878 1424 3941 tribus
1433 3893 1490 3937 can

58 3972 84 4006 ·’
190 3967 327 4068 delis‚²)
342 3981 522 4055 revertitur,
542 3981 625 4040 mitra
639 3990 761 4060 accepta
778 3982 814 4043 ad
830 4001 946 4045 crucem
961 3982 1095 4059 mediam,
1113 3981 1305 4061 aspergendo
1319 3998 1436 4060 semper
1446 3994 1492 4058 per

191 4085 402 4143 coemeterium
423 4099 526 4162 aquarn
549 4081 752 4160 benedictam,
774 4083 900 4147 dicendo
923 4103 986 4146 curn
1007 4085 1147 4145 ministris
1168 4093 1332 4164 sequentes
1346 4075 1490 4171 Psalmi

255 4258 286 4335 1)
302 4259 427 4316 Occurrit
442 4261 565 4317 collecta
579 4259 606 4317 in
623 4248 945 4318 Codiceb'indebonensi
961 4279 1041 4335 supra
1057 4269 1280 4322 commemorato.

251 4341 283 4419 ι)
300 4345 406 4401 Summa
421 4346 504 4402 totius
518 4345 720 4403 Benedictionis
735 4353 791 4414 est,
813 4351 844 4400 ut
858 4346 905 4400 iux
920 4355 1030 4403 aeterna
1046 4347 1134 4404 lucent
1149 4347 1287 4404 animabus
1304 4346 1490 4405 rennuens

194 4425 265 4496 qui·
258 4444 285 4482 ra
307 4429 371 4484 ioco
393 4431 547 4502 sepeliendi
561 4439 631 4487 sunt.
657 4431 708 4485 Per
723 4429 833 4485 tumen
825 4431 909 4500 igitur
926 4431 1123 4490 candelarum
1114 4449 1142 4488 ru
1156 4431 1310 4488 summitate
1328 4439 1357 4488 et
1369 4424 1488 4487 bracchiis

193 4509 283 4566 crucis
297 4512 471 4583 interemit
485 4520 516 4571 ut
531 4516 599 4572 tides
615 4512 832 4573 Resurrecticnis
847 4514 939 4588 uigeat
953 4523 982 4573 et
996 4517 1085 4576 iumen
1100 4525 1230 4625 aeternus
1244 4517 1342 4575 uus
1334 4532 1362 4573 nr
1375 4514 1428 4573 iuis
1441 4528 1487 4570 res·

86 4597 93 4610 '
191 4592 321 4669 piendeat
334 4606 384 4668 pes
397 4597 520 4654 rneritnnr
536 4599 658 4656 christi
650 4616 676 4656 ιι
693 4595 774 4657 eruce
790 4599 873 4672 passi
