3046 4942
735 171 785 239 to

301 340 535 416 ROMANUS.
927 326 1275 425 AMBROSIANUS.

104 488 192 560 gnus
207 465 354 537 famulus
368 473 446 536 tuus
459 463 568 536 ollero
581 459 641 530 tibi
654 459 730 529 Deo
785 461 916 531 sionem
930 464 1151 551 peccatorum
1166 476 1324 525 meorum
1346 456 1414 527 mili

104 590 181 640 meo
197 571 280 639 vivo
301 576 335 637 et
355 588 442 637 vero
456 587 520 660 pro
540 566 732 634 innumera-
785 559 959 632 concedas
978 568 1014 629 et
1032 559 1230 651 iniquitates
1250 579 1358 649 meas,
1375 582 1411 630 ne

103 669 227 743 bilibus
242 671 392 764 peccatis
405 663 733 737 etollensionibuset
787 662 1008 758 despexeris,
1028 660 1089 732 sed
1113 660 1191 733 sola
1213 668 1273 728 tua
1295 665 1412 733 miseri-

104 772 323 865 negligentiis
337 773 423 840 meis
444 779 478 839 et
497 788 561 863 pro
578 764 733 837 omnibus
786 765 904 837 cordia
917 763 997 838 mihi
1012 765 1122 858 prosit
1138 762 1294 853 indigno.

104 871 412 958 circumstantibus,
424 869 487 943 sed
501 878 536 939 et
549 889 612 963 pro
628 869 734 939 omni·
839 865 1337 938 Tametcnemaaidaeectcneie
1346 890 1413 961 pre

103 976 168 1049 bus
191 974 347 1046 fidelibus
363 971 562 1064 Christianis
580 970 671 1041 vivis
686 978 734 1037 at·
786 975 948 1067 seqnitur:

105 1100 172 1172 qne
187 1076 374 1148 defunctis:
389 1083 426 1144 ut
440 1073 519 1144 mihi
528 1081 562 1144 et
574 1072 642 1143 illis
655 1092 735 1166 pro·
838 1072 882 1142 Et
896 1073 1032 1165 suscipe
1040 1065 1165 1141 Sancta
1175 1067 1328 1142 Trinitas
1338 1069 1414 1140 hanc

106 1178 194 1250 liciat
207 1181 242 1250 in
264 1181 368 1249 vitam
389 1186 572 1248 aeternam.
611 1173 733 1244 Amen.
789 1175 1016 1261 oblationem,
1042 1194 1142 1265 quam
1165 1172 1226 1244 tibi
1249 1174 1413 1244 offerimus

788 1302 852 1373 pro
876 1278 1043 1368 regimine
1072 1284 1106 1344 et
1135 1276 1296 1346 custodia
1323 1285 1414 1368 atque

790 1384 919 1450 unitate
934 1376 1123 1447 catholicae
1139 1374 1220 1447 lidei
1235 1388 1270 1448 et
1285 1399 1347 1471 pro
1361 1399 1414 1448 ve-

789 1484 968 1552 neratione
988 1499 1125 1572 quoque
1144 1477 1271 1549 beatae
1284 1479 1347 1549 Dei
1362 1501 1414 1572 ge·

791 1586 920 1655 nitricis
934 1580 1063 1653 Mariae
1086 1583 1307 1676 omniumque
1325 1580 1412 1652 simul

156 1446 285 1521 Deinde
304 1451 435 1540 sacimas
447 1469 574 1517 erucem
592 1467 663 1515 crim
680 1467 737 1514 eo-

105 1551 178 1620 dem
189 1558 327 1644 patena,
340 1548 626 1644 deponitHoaiiom
639 1570 738 1667 mipep·

105 1653 287 1746 mmm·
320 1652 491 1724 mmm
510 1654 737 1771 mmmmm
792 1687 996 1759 Sanctorum
1010 1693 1162 1753 tuorum:
1187 1684 1412 1778 etprosalutc
1445 1706 1449 1713 ·

105 1755 426 1846 ”umrsubdlacm
437 1754 739 1848 “wammam“
792 1801 825 1861 et
839 1788 1069 1860 incolumitate
1090 1783 1297 1855 famulorum
1318 1784 1410 1855 lemu-

106 1860 161 1979 ‘Jel
177 1859 208 1927 ⁸²⁶
223 1862 360 1977 Prima
380 1857 552 1951 mmm
571 1865 739 1975 “mque
793 1894 969 1984 lorumque
984 1898 1116 1958 tuarum
1136 1899 1169 1958 et
1184 1891 1344 1976 omnium,
1358 1907 1407 1983 pro

105 1960 593 2052 ensundclSacerdosetaqucm
605 1979 740 2027 mescen-
794 1993 914 2088 quibus
943 1991 1157 2061 clementiam
1183 1999 1277 2060 tuam
1304 1990 1406 2085 impp,

107 2062 186 2129 dam
201 2063 236 2128 in
249 2062 354 2131 ⁰0²5oe
367 2059 704 2146 bmdlcllldlcmf
792 2119 871 2167 rare
898 2093 1039 2189 polliciti
1068 2114 1184 2163 sumus
1218 2102 1252 2162 et
1280 2112 1404 2186 quorun

159 2192 740 2287 Deus‚quihumaneesubstantiae
794 2217 1004 2293 quarumque
1018 2194 1261 2288 eleemosynas
1272 2195 1403 2288 suscepi-

109 2295 307 2388 dignitatem
327 2296 525 2367 mirabiliter
547 2295 739 2383 condidisti,
794 2323 886 2373 mus:
902 2299 1090 2370 etomnium
1103 2295 1252 2367 iidelium
1263 2294 1403 2367 Christia-

109 2407 143 2468 et
157 2397 342 2472 mirabilius
355 2399 568 2470 reformasti:
585 2398 626 2469 da
640 2396 739 2469 nobis
791 2423 912 2473 norum
928 2411 994 2471 tam
1008 2402 1167 2470 vivorum
1188 2421 1290 2493 quam
1306 2396 1402 2468 deiun-

108 2522 172 2597 per
188 2499 286 2573 huius
300 2523 410 2596 aquae
418 2512 452 2572 et
460 2502 530 2573 vini
539 2503 737 2594 mysterium
793 2516 942 2575 ctorumz
958 2512 994 2572 ut
1008 2510 1041 2571 te
1055 2501 1400 2573 miseranteremissio-

110 2606 183 2675 eius
218 2604 402 2678 divinitatis
437 2627 516 2678 esse
545 2613 739 2690 consortes,
791 2628 869 2677 nem
884 2608 1400 2698 omniumpeccatorumeteeter-

110 2709 167 2798 qui
192 2705 407 2777 humanitatis
428 2715 567 2776 nostrae
590 2705 664 2773 lieri
691 2703 739 2772 di·
791 2732 856 2779 nae
880 2705 1097 2777 beatitudinis
1119 2708 1271 2800 praemia
1295 2709 1329 2775 in
1352 2704 1401 2774 tuis

110 2815 232 2896 gnatus
254 2816 307 2876 est
323 2809 508 2900 particeps
530 2804 627 2877 lesus
644 2803 739 2875 Chri·
793 2809 948 2881 laudibus
983 2807 1129 2877 fideliter
1161 2803 1401 2902 perseverando

110 2916 195 2994 stum
210 2906 317 2979 Filius
330 2918 408 2980 tuus
421 2908 587 2980 Dominus
601 2916 738 2978 noster:
792 2915 970 3009 percipere
992 2918 1188 2980 mereantur
1206 2909 1249 2979 ad
1278 2910 1401 3001 glorian

111 3005 177 3090 Qui
197 3017 310 3078 tecum
324 3012 410 3081 vivit
428 3021 462 3081 et
474 3019 597 3101 regnat
615 3012 649 3081 in
667 3012 739 3079 uni·
793 3025 827 3085 et
841 3015 1007 3085 honorem
1025 3015 1169 3083 nominis
1180 3014 1244 3100 tui
1254 3011 1347 3084 Deus
1358 3011 1403 3080 mi-

110 3119 178 3179 tete
208 3108 354 3205 Spiritus
388 3116 496 3184 sancti
527 3111 642 3185 Deus:
676 3133 739 3207 per
793 3115 1065 3190 sericordissime
1102 3135 1218 3184 rerum
1246 3112 1403 3185 Conditor.
1432 3190 1434 3194 ¹

111 3213 602 3310 omniasaeculasaeeulorum.
616 3214 737 3285 Amen.
793 3219 859 3290 Per
876 3216 1045 3289 Christum
1062 3216 1245 3287 Dominum
1258 3225 1405 3289 nostrum.

842 3321 967 3394 Diebus
992 3320 1173 3392 Dominicis
1207 3328 1242 3390 et
1266 3324 1302 3390 in
1328 3319 1407 3412 seriis

791 3427 986 3497 Sanctorum
1008 3423 1087 3494 dicit
1097 3415 1203 3493 oliam
1233 3421 1407 3493 mmmm

790 3529 1107 3618 similisarpamenii.

841 3630 970 3702 Deinde
983 3652 1100 3700 memo
1121 3652 1296 3723 erponem
1313 3640 1409 3702 teneo

790 3756 888 3825 super
906 3732 1026 3803 Oblata
1040 3736 1105 3802 aii:

842 3832 885 3903 Et
931 3837 1067 3928 suscipe
1108 3831 1235 3906 Sancta
1276 3835 1410 3906 Trinitas

163 3929 343 4006 Dlierin'ms
361 3932 421 4005 tibi
435 3932 581 4007 Domine
595 3933 739 4005 calicem
792 3936 878 4005 hanc
889 3935 1097 4006 oblationem
1107 3958 1171 4030 pro
1182 3937 1411 4009 emundatione

113 4031 282 4123 salutaris„
305 4048 397 4108 tuam
420 4036 645 4131 deprecantes
669 4038 751 4109 cle-·
792 4061 886 4126 mea,
905 4047 941 4108 ut
954 4037 1097 4110 mundes
1118 4047 1152 4107 et
1165 4061 1299 4133 purges
1314 4062 1367 4111 me
1379 4036 1412 4107 eb

31 4184 33 4189 s
114 4137 286 4206 mentiamz
305 4143 388 4210 utin
402 4150 588 4235 conspectu
603 4139 739 4211 divinae
793 4143 962 4211 universis
1002 4149 1223 4234 peccatorum
1267 4141 1415 4213 maculis.

113 4236 296 4307 maiestatis
318 4249 397 4313 tuae
416 4264 479 4338 pro
499 4253 614 4316 nostra
634 4252 668 4313 et
687 4253 739 4314 to·
793 4253 960 4337 quatenus
997 4241 1055 4312 tibi
1092 4241 1195 4334 digne
1231 4247 1418 4318 ministmre

111 4334 176 4403 tius
191 4337 304 4406 mundi
319 4341 428 4414 salute
447 4369 523 4418 cum
537 4347 646 4418 odore
662 4367 739 4417 sua·
792 4367 926 4415 merear
956 4343 1050 4416 Deus
1090 4354 1123 4413 et
1157 4344 1420 4421 clementissime

111 4434 409 4511 vitatisnscendat.
793 4447 946 4517 Domine.

103 3508 112 3535 ¹
159 3478 200 3550 ln
212 3479 325 3551 Miaeie
344 3503 407 3574 pro
428 3483 602 3575 Desmzciie
621 3484 740 3554 dicitur

108 3583 283 3678 praedicta
309 3583 443 3654 Oratio:
472 3587 531 3656 sed
558 3609 648 3679 apua
674 3607 739 3655 non

109 3684 315 3759 benedicitur.
336 3685 458 3756 Postea
470 3690 590 3782 accipit
605 3688 740 3759 calicem

110 3791 390 3883 etoffertdicene:
