3046 4942
654 255 801 343 ‘aaa

137 477 142 485 ·
209 448 356 512 Posthaec
373 445 519 509 Sacerdos
541 445 671 526 Spcuai=
687 455 718 507 at
738 447 874 526 Sponsae
894 443 1028 505 manibus
1047 451 1119 525 quaa·
1139 440 1236 504 adhuc
1256 442 1425 513 coniunctas

108 551 194 613 ambo
213 561 326 627 tenent,
340 551 446 611 stolam
460 550 591 627 imponat
604 549 652 608 vel
669 548 891 623 circumvolvat,
905 548 979 608 haec
991 547 1083 607 verha
1096 546 1271 627 proferena:
1281 531 1315 631 l)

210 643 460 715 Matrimonium
492 644 676 712 intervos
710 649 922 711 contractum
951 639 1048 711 Deus
1083 638 1264 710 confirmet
1296 649 1331 709 et
1360 659 1420 730 ego

107 744 192 817 illud
222 744 376 839 approbo
404 754 438 814 et
460 745 494 813 in
520 742 610 812 facie
632 742 802 815 ecelesiae
829 742 1018 814 solenniuo.
1071 739 1270 812 innomine
1289 749 1419 813 sancho

108 856 143 918 et
162 846 359 917 individuae
380 840 606 940 Triuitmisfl)

210 957 248 1018 Et
267 974 336 1017 mox
353 957 462 1017 addere
482 957 595 1035 poterit
616 955 803 1029 germanice:
830 946 895 1015 Die
923 943 1103 1015 ehelichen
1127 941 1264 1040 pfliohi,
1295 943 1350 1013 die
1372 941 1417 1013 ihr

109 1050 152 1120 da
179 1071 245 1121 vor
267 1047 349 1120 Gott
378 1048 447 1119 und
474 1052 589 1120 seiner
611 1045 762 1117 Kirchen
785 1045 947 1118 einander
974 1046 1093 1138 geloht
1112 1045 1214 1133 haht
1242 1044 1415 1136 hestettige

108 1151 164 1231 ich
191 1174 272 1223 auss
290 1150 427 1221 helelch
449 1150 525 1221 der
529 1150 680 1242 heiligen
701 1146 928 1221 Christlichen
948 1147 1109 1236 Kirchem
1130 1145 1180 1217 hn
1200 1167 1326 1217 namen
1346 1145 1413 1217 deas

108 1250 261 1340 Vattcrs‚
289 1253 368 1325 dess
392 1249 496 1340 Suus,
523 1250 592 1322 und
616 1251 696 1322 dess
724 1250 875 1343 heiligen
895 1248 1039 1322 Geistes
1081 1250 1205 1320 Amen
1252 1246 1333 1319 Gott
1355 1245 1412 1340 geli

9 1439 13 1450 1
110 1353 198 1424 euch
224 1356 345 1427 seinen
370 1352 437 1423 frid
462 1353 532 1423 und
553 1353 603 1423 vil
626 1350 758 1444 gliche.

214 1464 345 1538 Quod
321 1483 345 1524 su
367 1472 482 1543 tempus
503 1466 672 1543 permiserit
691 1472 720 1523 et
735 1461 888 1523 Sacerdoti
906 1461 1054 1522 ridebitur
1067 1469 1281 1540 apportarem,
1302 1396 1338 1520 ad
1352 1457 1412 1519 diri·

111 1583 176 1627 narn
189 1568 314 1642 gratiam
329 1566 521 1626 invocandam
535 1583 590 1644 pro
605 1564 781 1640 coniugibus
795 1574 955 1644 aequantes
969 1563 1131 1642 adiungere
1145 1581 1256 1643 preces
1271 1562 1383 1642 poterit.

211 1658 334 1728 Psalm.
361 1660 422 1726 66.
464 1658 559 1729 Deus
582 1661 784 1729 misereatur
809 1660 917 1728 nostri
940 1666 1003 1728 etc.

210 1758 319 1851 llyrie
340 1760 483 1831 eleison.
524 1756 659 1830 Christe
676 1758 819 1831 eleison.
850 1758 958 1852 llyrie
981 1758 1124 1829 eleison.
1165 1756 1271 1827 Pater
1290 1751 1410 1826 Noster.

109 1859 252 1934 Salvum
274 1859 330 1930 fac
351 1882 491 1933 servum
512 1869 606 1930 tuum
628 1871 661 1930 et
684 1859 841 1931 ancillam
861 1871 952 1930 luam
971 1861 1125 1930 Domine.
1147 1863 1189 1950 lh.
1212 1857 1310 1928 Deus
1330 1874 1412 1924 meus

109 1965 335 2058 sperantem
326 1985 360 2032 m
385 1973 426 2034 te.
480 1961 576 2033 Mille
601 1965 651 2034 eis
675 1962 838 2035 auxilium
865 1962 907 2031 de
930 1971 1059 2033 sancto
1107 1964 1151 2050 ll.
1200 1957 1245 2028 Et
1272 1958 1314 2028 de
1342 1957 1413 2029 Sion

107 2074 206 2136 tuere
227 2084 299 2136 eos
341 2062 433 2134 Nihil
453 2063 636 2161 proficiat
627 2067 782 2135 mimicus
809 2066 844 2132 in
867 2066 926 2136 eis.
967 2067 1010 2153 lh.
1060 2061 1104 2133 Et
1126 2061 1214 2133 filius
1240 2059 1413 2154 iniquitatis

107 2186 178 2237 non
198 2165 336 2265 nocehit
363 2168 422 2236 eis.
475 2163 561 2236 Esto
585 2167 635 2237 eis
658 2165 805 2237 Domine
827 2167 931 2237 turris
953 2163 1168 2236 fortitudinis.
1199 2166 1241 2252 ll.
1277 2160 1313 2231 A
1333 2160 1413 2230 facie

108 2270 244 2339 inimici.
293 2267 440 2338 Domine
469 2266 596 2337 exaudi
624 2269 815 2339 orationem
841 2288 962 2337 meam.
1005 2271 1048 2359 liz
1093 2264 1138 2336 Et
1167 2265 1294 2337 clamor
1323 2279 1413 2333 meus

109 2371 153 2440 ad
181 2381 214 2442 te
237 2371 362 2442 veniat.
406 2367 573 2441 Dominus
593 2369 781 2441 vobiscum.
822 2374 866 2462 ip.
906 2368 950 2438 Et
973 2391 1050 2441 curn
1074 2371 1194 2463 spirito
1212 2376 1283 2437 tuo.

212 2471 368 2544 Oramus.
412 2471 508 2543 Deus
529 2470 716 2560 Abrohom,
742 2471 838 2544 Deus
861 2468 971 2559 Isaac,
999 2470 1094 2542 Deus
1116 2467 1220 2541 lacob
1243 2471 1286 2540 sit
1308 2466 1413 2539 vohis·

107 2596 185 2644 oum
203 2594 339 2668 vosque
361 2576 558 2665 coniungat
582 2583 616 2644 et
634 2576 708 2669 ipse
726 2574 864 2670 impleat
881 2572 1127 2646 haereditatem
1145 2592 1243 2645 suam
1260 2573 1295 2641 in
1314 2568 1412 2653 votis,

106 2685 144 2747 ut
169 2676 315 2747 videatis
336 2675 424 2747 lilios
445 2675 588 2747 liliorum
618 2685 830 2766 vestrorum,
862 2699 971 2770 usque
998 2679 1033 2746 in
1053 2677 1187 2746 tertiam
1214 2683 1252 2744 et
1274 2681 1410 2767 quartam

108 2779 384 2867 generationem.
413 2787 449 2848 ut
474 2788 594 2873 postea
617 2780 721 2848 vitam
748 2788 923 2849 aeternam
948 2778 1100 2849 habeatis
1123 2779 1198 2849 sine
1225 2774 1306 2865 fine,
1330 2773 1410 2844 adiu·
1449 2772 1451 2865 j

107 2887 212 2948 vante
232 2889 266 2949 et
287 2888 483 2973 praestante
503 2880 652 2950 Domino
670 2889 789 2952 nostro
812 2879 891 2953 lesu
910 2877 1045 2953 Christo
1064 2882 1122 2974 qui
1139 2881 1234 2951 vivit
1253 2890 1289 2950 et
1304 2882 1408 2970 regnat
1449 2878 1451 2923 l

108 2981 305 3052 insaecula
327 2981 553 3052 sacculorum.
597 2982 718 3052 Amen.
1298 3018 1303 3029 ·
1449 2974 1451 2979 ’

100 3086 103 3091 ’
209 3091 314 3153 Modus
332 3093 418 3151 novis
438 3091 638 3168 coniugihua'
630 3111 659 3152 ιιι
674 3092 800 3153 ecclesia
819 3060 1024 3154 benedicendi.

164 3197 170 3207 '
209 3193 432 3254 Animadvertat
452 3193 600 3254 Parochus
621 3194 738 3255 illorum
763 3195 920 3273 coniugum
943 3195 1052 3276 nuptiis
1073 3210 1133 3254 uon
1154 3211 1224 3255 case
1247 3193 1406 3258 benedicar-

167 3491 196 3567 l)
213 3493 286 3548 llaec
301 3492 395 3548 Stolaa
406 3493 587 3551 sacerdotalis
601 3491 740 3567 impositio
752 3509 806 3551 non
818 3493 1013 3567 praescribitur
1026 3492 1053 3550 in
1069 3493 1166 3551 llituali
1181 3494 1318 3564 Romano,
1332 3506 1407 3551 scm·

105 3583 149 3634 tur
163 3583 251 3634 huten
268 3577 341 3648 quod
352 3577 435 3633 sciam
450 3579 477 3634 in
492 3579 614 3652 plurimis
626 3579 784 3635 Germaniae
798 3579 933 3636 ecclesiis.
967 3580 1033 3635 Puto
1048 3578 1076 3634 iu
1086 3581 1140 3635 hoc
1154 3579 1209 3634 ritu
1222 3579 1346 3651 conspici
1358 3574 1408 3633 rati

106 3662 182 3734 quius
196 3662 340 3718 velationis
356 3662 428 3734 apud
439 3671 563 3721 vetustos
571 3663 740 3720 Christianos
751 3662 876 3734 usitatae,
889 3663 964 3719 cuius
975 3679 1057 3736 supra
1070 3663 1171 3719 mentio
1186 3662 1261 3720 iacta
1278 3672 1321 3721 est
1331 3658 1410 3737 peti.

105 3746 239 3817 Agendae
255 3746 429 3817 lloguntinae
447 3755 546 3804 norunt
566 3748 758 3804 caerimoniam
779 3748 883 3818 stolae,
902 3754 991 3804 tamen
1009 3748 1118 3804 multum
1137 3737 1307 3821 discrepant'
1318 3750 1350 3803 ah
1365 3745 1410 3802 iu·

105 3839 230 3900 quamne.
258 3831 313 3902 hg.
327 3832 395 3885 1553
416 3832 542 3901 ,,1ιιῑιιιιιι
563 3831 709 3888 ecclesium
725 3841 855 3905 aspergat
865 3831 977 3889 eosdem
989 3849 1057 3904 aqua
1071 3832 1218 3889 benedicta
1231 3840 1261 3889 et
1277 3833 1339 3888 datu
1349 3828 1410 3887 stola

105 3914 140 3970 ad
155 3932 247 3973 nauus
263 3931 381 3989 sponsae
392 3914 598 3971 introducantur
614 3932 673 3973 cum
690 3918 845 3975 versiculo:
860 3917 988 3975 Dominus
1000 3917 1136 3975 custodiat
1149 3917 1295 3974 introitum
1307 3923 1411 3974 ream

6 4066 10 4075 Ι
105 4005 134 4054 at
145 4003 244 4056 exitum
259 4009 312 4057 etc.
340 3999 469 4056 Similiter
480 4000 533 4070 hg.
549 4003 625 4054 1550.

166 4085 197 4159 2)
217 4087 271 4155 lig.
286 4087 359 4156 llog.
375 4082 564 4139 1513-1551.
590 4084 657 4141 ldao
672 4087 869 4143 matrimonium
882 4102 933 4159 par
943 4101 995 4143 vos
1010 4092 1178 4143 contractum
1190 4087 1302 4143 ratihco
1315 4092 1344 4142 at
1356 4097 1411 4141 cou-

104 4167 182 4224 armo
203 4166 271 4245 (Ag.
285 4173 352 4224 1551
367 4164 517 4243 benedico)
533 4170 560 4225 in
576 4170 683 4226 nomine
695 4171 731 4226 Pa
741 4167 765 4247 †
777 4172 827 4228 tria
842 4178 870 4226 at
885 4171 914 4226 Fi
925 4166 949 4246 †
960 4171 990 4226 lii
1004 4178 1032 4227 et
1041 4171 1090 4243 Spi
1100 4168 1124 4247 †
1135 4171 1205 4228 ritus
1215 4169 1321 4229 Sancti
1346 4166 1412 4227 aias

104 4251 234 4308 lormulas
254 4269 370 4324 quaeras
389 4255 460 4326 apud
479 4255 644 4311 llartenium.
671 4296 690 4323 „
702 4286 746 4297 —·
761 4255 795 4310 Et
812 4270 868 4325 ego
889 4255 1027 4325 couiuogo
1045 4271 1097 4312 voa
1113 4257 1141 4311 in
1158 4256 1272 4312 nonina
1293 4255 1367 4312 cto.“
1378 4282 1412 4296 -

43 4364 47 4371 ,
103 4335 248 4407 Despouso
264 4354 314 4395 vos
330 4337 359 4393 iu
376 4340 484 4396 nomine
503 4348 555 4398 etc.
573 4369 615 4382 -
637 4339 671 4395 Et
687 4354 743 4409 ego
755 4340 917 4396 aumoritate
931 4356 984 4413 qua
997 4340 1110 4411 iungar,
1125 4342 1268 4413 coniunge
1280 4356 1331 4397 vos
1341 4336 1412 4392 -lr

104 4421 224 4483 ιιοιιιίιιο.
247 4423 319 4478 Deus
327 4421 473 4494 Abraham,
484 4427 557 4481 Deus
569 4425 655 4493 isaac,
668 4424 739 4479 heus
750 4425 843 4497 iacob,
853 4425 912 4498 ipse
923 4425 961 4482 ait
970 4425 1129 4497 vobiscum,
1140 4426 1201 4499 ipae
1212 4442 1267 4484 roa
1277 4425 1412 4494 mimi

4 4534 9 4541 ·
104 4503 268 4576 impleatque
283 4502 501 4565 benedictione·
515 4525 591 4566 suom
605 4510 632 4566 in
643 4508 733 4566 vohis·
