3046 4942
671 327 746 405 ttt

55 520 96 584 nt
127 513 238 585 renati
269 510 367 586 fonte
403 512 632 610 baptismatis,
667 513 859 611 adoptionis
896 521 977 585 tuae
1009 510 1088 586 liliis
1120 506 1364 607 aggregentur.

55 613 125 687 l’er
149 614 247 687 Dom.
382 638 385 643 ’
1086 680 1088 685 ⁴

159 719 314 807 Orcum,
343 715 552 791 dilectissimi
572 716 692 808 nobis,
724 718 834 792 Denm
857 716 994 791 Patrem
1019 704 1367 810 omnipotentem‚'ut

56 822 188 892 cunctis
208 817 372 892 mundum
393 831 516 916 purget
536 821 726 912 errentur,
745 820 886 895 morbos
907 819 1053 910 auferat,
1072 819 1196 893 famem
1217 816 1367 912 depellat
1397 864 1399 869 ,

55 924 187 1017 aperiat
213 942 386 1012 carceres,
411 923 548 996 vincula
571 923 751 1014 decalvat,
777 921 1073 1020 peregrinantibus
1092 921 1253 1010 raditum,
1275 918 1366 993 iubr-

54 1023 224 1097 mantibns
243 1025 433 1114 emicem,
455 1026 694 1120 navigantibus
715 1034 850 1124 portum
871 1024 990 1101 salutis
1015 1025 1201 1119 indulgeat.
1342 1044 1347 1057 ·

158 1124 313 1199 Oramus.
365 1125 560 1201 Fleotamus
586 1152 708 1223 genua.
760 1126 901 1202 bavato.

157 1227 377 1325 Omnipotens
395 1233 602 1327 sempiterne
625 1233 734 1322 Dens,
752 1238 962 1306 moestorum
981 1228 1187 1318 consolatio,
1208 1226 1365 1301 laborm·

54 1329 140 1402 hum
161 1331 338 1422 tortitudo,
357 1336 561 1429 perueniant
584 1336 629 1408 ad
650 1346 685 1408 te
710 1355 835 1432 preces
857 1333 900 1406 de
925 1353 1130 1430 quacunque
1148 1331 1367 1404 tribulatione

53 1431 282 1522 clamantium,
308 1444 345 1506 nt
371 1455 491 1511 omnes
512 1436 582 1512 'sibi
605 1435 866 1513 necessitatibus
887 1437 959 1510 suis
983 1433 1255 1510 misericordiam
1274 1443 1367 1507 tuam

51 1536 227 1628 gaudeant
252 1536 399 1610 ad'uiase.
452 1539 520 1612 Per
545 1539 645 1612 Dom.

155 1639 297 1712 erm
320 1648 357 1712 et
377 1662 441 1737 pro
465 1640 647 1715 haereticis
667 1649 703 1713 ot
720 1638 943 1712 schismaticis
964 1647 1002 1709 ut
1021 1637 1118 1711 Deus
1144 1644 1180 1708 ot
1199 1634 1367 1708 Dominae

51 1751 173 1814 nomer
193 1750 291 1813 eruat
312 1762 375 1816 eos
393 1741 436 1814 ab
456 1741 630 1818 erroribus
649 1743 835 1831 universis,
855 1750 891 1813 et
911 1739 954 1811 ad
972 1747 1124 1812 sanctam
1143 1745 1286 1810 matrem
1300 1733 1368 1807 Ec·

52 1843 196 1918 clesiam
217 1841 419 1936 catholicam
440 1853 543 1939 atque
565 1845 789 1942 apostolicam
813 1864 984 1916 reuocare
1011 1840 1179 1934 dignetur.

158 1943 314 2018 Oramus.
366 1946 561 2020 Flectamus
587 1969 708 2041 genua.
761 1944 901 2022 berete.
1224 1950 1228 1955 ’

158 2045 381 2143 Omnipotens
404 2051 612 2144 sempiterne
633 2049 740 2138 Deus,
767 2052 825 2145 qui
850 2048 966 2122 saluas
993 2066 1112 2123 omnes
1138 2053 1174 2121 at
1197 2042 1369 2115 neminem

52 2148 110 2221 vis
131 2150 266 2243 perire,
291 2150 492 2246 respice‘ad
518 2154 647 2226 animas
667 2151 835 2225 diabolica
855 2149 976 2223 fraude
1003 2150 1185 2245 deceptas,
1217 2155 1255 2223 ut
1276 2144 1369 2219 omni

53 2249 228 2323 haeretica
247 2254 415 2346 pravitate
434 2252 602 2349 deposita,
623 2258 808 2327 errantium
826 2253 933 2327 corda
949 2254 1165 2349 resipiscant,
1188 2261 1223 2323 et
1243 2247 1287 2323 ad
1306 2269 1369 2322 ve·

53 2354 163 2425 ritatis
184 2362 264 2425 tuae
285 2353 429 2427 redeant
452 2358 625 2428 unitatem.
669 2355 738 2427 Per
762 2355 862 2428 Dom.
1210 2416 1215 2424 .

159 2457 296 2529 Oramus
314 2466 349 2528 et
366 2477 430 2552 pro
447 2455 588 2553 peridis
604 2455 754 2547 ludaeis,
771 2466 809 2528 ut
826 2457 922 2528 Deus
940 2464 975 2528 et
990 2454 1158 2529 Dominae
1174 2459 1292 2523 noster
1309 2471 1368 2523 au·

14 2565 27 2584 ··
53 2555 145 2629 ierat
165 2557 325 2631 velamen
345 2557 390 2630 de
412 2557 573 2635 cordibus
593 2580 728 2650 eoram
749 2568 786 2633 ut
803 2569 841 2633 et
854 2559 919 2655 ipsi
937 2566 1126 2651 agnoscant
1141 2553 1254 2628 Iesum
1272 2548 1369 2623 Obri-

52 2668 143 2733 sbum
162 2660 342 2733 Demittunt
362 2671 543 2737 nostrum..
567 2671 634 2736 don
650 2671 849 2753 respondetur
865 2662 994 2749 Amen,
1013 2667 1067 2731 sed
1082 2668 1179 2732 rtatim
1196 2664 1317 2726 dicitnr:

159 2761 382 2859 Omnipotens
407 2768 614 2862 sempiterne
637 2764 751 2857 Deum
785 2768 843 2863 qui
869 2766 971 2837 etiam
995 2761 1166 2837 Iudaicam
1192 2755 1368 2856 perfidiam

53 2887 77 2936 a
102 2873 160 2934 tua
182 2864 418 2938 misericordia
442 2884 512 2940 non
536 2869 692 2966 repella,
718 2869 845 2943 exaudi
869 2888 995 2965 preces
1018 2876 1168 2952 naahas,
1193 2881 1278 2956 quas
1296 2879 1368 2956 pro

53 2965 149 3038 illins
168 2965 288 3062 populi
309 2965 553 3042 obcaecatione
580 2970 778 3060 deferimus,
800 2982 837 3044 nt
857 2971 972 3063 agnita
994 2971 1149 3043 ueritatis
1172 2975 1254 3037 tuae
1275 2962 1369 3048 lace,

55 3088 147 3164 quac
170 3064 326 3139 Christus
345 3077 411 3157 est,
433 3090 455 3139 a
480 3072 552 3144 suis
576 3072 727 3146 tenebris
745 3083 915 3145 emmntur.
964 3069 1032 3145 Per
1054 3068 1198 3143 eundem
1216 3065 1315 3138 Dom.

160 3169 299 3243 Ονιιιιιιι
318 3178 355 3241 et
373 3175 615 3266 propaganis,
640 3184 679 3247 at
698 3173 795 3247 Deus
820 3176 1035 3270 omnipotens
1061 3169 1192 3243 auferat
1211 3169 1369 3264 iniquita-

54 3282 126 3346 tem
147 3294 168 3344 a
188 3269 349 3346 cordibus
367 3294 500 3363 eornm,
517 3283 554 3348 ut
572 3276 703 3351 relictis
719 3276 820 3352 idolis
837 3279 922 3368 suis,
940 3280 1182 3347 convertantur
1199 3270 1242 3344 ad
1255 3271 1369 3344 Deum

54 3378 175 3451 vivum
197 3384 233 3447 et
253 3394 376 3448 veram
395 3385 431 3448 et
456 3379 592 3451 unicum
614 3377 738 3453 Filium
764 3382 839 3456 eius
865 3379 980 3454 lesum
1006 3373 1175 3451 Christum
1194 3372 1308 3449 Deum
1333 3379 1369 3444 ot

55 3478 239 3551 Dominum
260 3488 422 3551 noenum

160 3580 314 3653 Oramus.
366 3579 561 3658 Flectamns
588 3605 712 3678 genua.
764 3583 903 3659 Leuate.

160 3682 383 3778 Omnipotens
407 3688 614 3781 sempiterne
638 3687 756 3778 Deus,
789 3690 847 3785 qui
871 3709 941 3761 non
966 3696 1107 3760 mortem
1133 3688 1368 3779 peccatorum,
1415 3774 1417 3778 ι

53 3785 119 3860 sed
140 3789 245 3859 vitam
265 3807 403 3884 semper
423 3790 579 3884 inquiris,
605 3793 744 3887 suscipe
765 3793 930 3889 propitius
952 3790 1137 3867 orationem
1161 3789 1369 3855 nostramet
1417 3850 1425 3866 x

54 3889 164 3961 libera
195 3911 276 3977 ecs,
310 3888 352 3960 ab
384 3888 554 3964 idolorum
585 3891 718 3966 cultura
743 3904 778 3967 et
803 3915 958 3989 aggrega
984 3889 1165 3963 Ecclesiae
1188 3894 1269 3958 tuae
1290 3902 1368 3958 san·

54 4001 133 4063 ctae
159 3991 202 4063 ad
225 3991 361 4064 landem
380 4003 425 4065 et·
441 3995 588 4087 gloriam
605 3998 752 4071 nominis
772 4000 829 4069 tui
878 3995 946 4068 Per
966 3991 1063 4065 Dom.

159 4101 320 4184 completis
331 4103 521 4168 Orationibus
531 4106 679 4170 Sacerdos
692 4107 828 4188 deposita
842 4101 1202 4168 manlaacceditadcornu
1211 4095 1366 4179 Epistulae

54 4214 87 4267 et
111 4205 153 4267 lbi
175 4207 205 4266 ia
223 4208 384 4287 posteriori
399 4218 484 4290 parte
497 4209 597 4287 auguli
610 4208 710 4275 altaris
723 4210 831 4291 accipit
844 4228 861 4271 a
873 4209 1004 4270 blacono
1018 4202 1142 4266 (trucem
1157 4204 1214 4263 iam
1228 4203 1258 4262 in
1271 4199 1366 4262 hitari

53 4317 272 4390 praeparatam:
293 4327 378 4389 qnam
390 4330 478 4374 verra
491 4311 572 4375 facie
583 4312 621 4376 ad
633 4311 785 4395 populum,
798 4332 815 4375 a
827 4310 990 4375 somniate
1003 4324 1104 4388 param
1118 4303 1366 4384 discooperieba-

55 4413 170 4491 cipiens
183 4410 264 4472 solus
280 4411 496 4492 Antiphonem:
515 4403 610 4478 Ecce
630 4406 759 4500 lignum
779 4404 897 4479 Crucis
918 4406 953 4475 in
973 4422 1040 4498 quo
1060 4399 1154 4475 salus
1172 4395 1289 4470 mundi
1307 4419 1366 4493 pe-

53 4504 191 4600 pendit,
210 4531 246 4576 ac
265 4512 407 4596 deinceps
429 4518 459 4579 ia
478 4517 603 4599 reliquis
622 4519 739 4581 iuratur
756 4521 787 4582 ia
800 4524 885 4582 cantu
899 4534 916 4579 a
928 4514 1068 4579 ministris
1083 4529 1177 4594 nequo
1190 4509 1228 4573 ad
1240 4496 1365 4571 Venite

54 4605 244 4701 adoremus.
277 4612 488 4683 chororum
501 4629 640 4689 munte
652 4606 1400 4706 Veniteadoremuegomumaemouemae
