3060 4934
792 297 1099 392 nce..

160 508 330 585 ,sequentur
347 497 404 561 duo
421 489 546 571 Clerici,
571 492 621 572 qui
636 433 689 553 vel
706 446 825 553 illorum
845 492 928 552 sices
946 489 1120 570 suppleantz
1141 504 1269 577 qaomer
1286 489 1369 553 elter
1387 509 1488 573 aquam

168 602 355 667 benedictam
374 618 439 661 curu
452 596 624 678 aspersorio
640 603 671 656 et
685 592 804 655 bursam
818 610 885 654 curn
901 593 1070 672 corporali,
1088 592 1169 671 quod
1189 593 1421 674 supponendum
1436 597 1486 657 erit

148 712 153 719 '
167 705 290 767 aesculo
304 703 481 764 sanctissimi
496 698 678 761 Sacramenti
690 690 897 777 supererectis
911 697 943 755 in
959 695 1099 757 cubiculo
1113 695 1221 757 inllrrei
1237 705 1267 757 et
1281 712 1349 757 curn
1363 696 1484 769 linteolo

167 780 370 888 purificatorio
392 805 428 866 sd
447 803 560 880 digitos
579 798 750 861 Sacerdotis
763 797 1004 874 abstergendos:
1029 797 1105 863 alter
1126 798 1204 859 buec
1223 798 1331 859 librum
1355 800 1484 861 riteslem
1518 780 1524 793 ’

169 910 284 971 deierat
303 919 333 968 et
347 905 545 987 campanulum
565 902 676 978 iugiter
690 902 798 982 pulset.
825 901 991 962 Succedunt
1012 899 1120 961 deinde
1140 900 1313 980 deferentes
1335 903 1482 963 intortitia.

169 1012 324 1073 Postremo
343 1008 493 1071 Sacerdos
517 1008 737 1067 Sacramentum
756 1013 880 1081 gestem
899 1003 1046 1065 cleretum
1069 1011 1140 1063 ante
1158 1012 1264 1082 pocius
1284 1002 1342 1063 sub
1363 1004 1483 1065 ambella

170 1113 271 1174 dicens
289 1112 435 1172 Pselmum
449 1110 593 1170 ilisercre
607 1116 636 1166 et
653 1106 872 1178 uliosl’salmos
888 1115 918 1165 et
934 1105 1055 1169 Geabue
1062 1093 1105 1181 ¹).
1145 1105 1233 1181 Quod
1251 1106 1278 1167 el
1301 1106 1423 1185 loegies
1440 1116 1483 1167 eut

65 1262 71 1272 .
171 1214 320 1277 dillicilius
335 1215 396 1274 iter
406 1210 572 1273 obeundum
593 1210 632 1269 sit
644 1216 674 1268 et
687 1209 818 1271 tortasse
830 1210 918 1269 etiarn
932 1208 1139 1288 conitendum,
1153 1222 1282 1269 necesse
1293 1211 1360 1271 -erit
1370 1228 1438 1283 res,
1456 1212 1482 1268 ir

172 1336 232 1397 quo
246 1317 465 1376 Sacramentum
481 1312 626 1387 deiectat,
643 1310 731 1371 bursa
748 1309 894 1389 decenter
914 1320 1017 1371 ornata
1034 1319 1066 1372 et
1088 1310 1124 1371 ad
1146 1309 1254 1373 collum
1272 1326 1410 1392 eppcnsa
1421 1319 1483 1391 epte

171 1417 327 1481 includere
339 1425 370 1477 et
382 1417 422 1477 ita
437 1414 472 1477 ed
485 1421 591 1495 pectus
604 1410 728 1488 elligere
745 1412 834 1493 etque
847 1412 1059 1491 obstringere,
1074 1420 1105 1475 ιιι
1120 1430 1218 1492 neque
1236 1412 1382 1477 decidere
1394 1431 1485 1495 espec

172 1521 283 1601 pyxide
299 1520 398 1580 excuti
412 1519 632 1579 Sacramentum
648 1524 735 1593 queat
745 1501 791 1589 ²).

223 1621 400 1701 lugrediens
419 1617 566 1681 Sacerdos
583 1616 681 1678 locum
695 1617 745 1679 nbi
759 1618 837 1679 lecet
851 1617 983 1679 ielirerus
1001 1617 1094 1679 dicet:
1167 1628 1173 1639 ‘

260 1715 349 1813 ,Pax
376 1712 467 1784 buic'
480 1711 607 1783 domui
659 1714 703 1802 lp.
736 1709 781 1782 Et
807 1710 965 1784 omnibns
987 1709 1214 1782 habitantibus
1239 1712 1276 1781 in
1298 1707 1394 1806 ια’).

222 1825 295 1888 l’um
310 1825 478 1905 depositum
490 1814 712 1906 Sacramentum
725 1839 816 1903 super
829 1816 931 1884 mense
945 1824 1100 1902 supposito
1115 1822 1284 1903 corporali,
1301 1821 1487 1900 genuflexus.

127 1960 132 1969 =
172 1926 292 2006 edurat,
315 1928 481 1991 omnibns
472 1946 502 1987 ιι
528 1942 626 2002 genoe
648 1923 929 2004 procumbentibus,
952 1934 982 1986 et
1002 1942 1072 1986 mox
1090 1934 1215 2006 eccepto
1233 1943 1312 2004 apua
1327 1925 1489 1987 ιιιιιιιιιιι

172 2027 304 2110 uspergit
321 2032 350 2091 in
355 2031 465 2091 rrrnum
481 2038 513 2089 et
529 2025 695 2087 cubiculum
711 2026 814 2088 diceus
827 2026 1049 2116 Antiphonem:
1148 2057 1154 2068 ·

274 2123 457 2242 Asperges
481 2142 536 2191 me
559 2118 707 2191 Domine
734 2108 888 2215 hyssopo
915 2130 952 2192 ct
977 2113 1187 2209 mundabor,
1214 2119 1348 2195 levebis
1374 2142 1433 2191 me
1458 2130 1491 2190 et

173 2247 278 2320 super
301 2228 418 2295 nivem
442 2220 645 2309 dealbabor,

383 2344 414 2396 et
432 2334 556 2445 primum
571 2351 689 2394 versum
704 2322 870 2412 pselruiz·

276 2425 446 2501 Miserere
472 2429 540 2498 mei
561 2425 666 2500 Deus.
721 2422 839 2498 Gloria
862 2423 965 2496 Petri.
1018 2422 1116 2497 Sicut
1138 2434 1233 2512 erut3

384 2538 491 2600 deinde
505 2539 651 2618 repetitur
665 2538 852 2617 Antiphone:

274 2637 458 2724 Asperges
483 2627 593 2715 mc4).
693 2677 701 2691 .

178 2784 389 2797 Μ

177 2858 179 2863 ¹
262 2882 294 2952 tt
317 2878 423 2938 llituule
444 2852 606 2939 iretirensd
629 2880 919 2944 enni1886modum
942 2882 1085 2941 deserendi
1095 2870 1269 2940 smmmcmi
1288 2878 1328 2939 lte
1346 2824 1491 2940 describit:

176 2965 305 3025 omnibus
320 2966 462 3040 dispositis
477 2974 592 3039 surgent
607 2968 723 3026 llinistri
741 2974 767 3023 ct
784 2969 969 3051 praecedent:
1001 2971 1028 3031 1.
1050 2970 1104 3037 oui
1119 2969 1269 3025 lenternem
1290 2975 1339 3025 ent
1352 2968 1507 3025 lenternes·

15 3036 19 3043 ¹
57 3112 62 3123 ,
175 3051 316 3129 deterunt.
341 3053 370 3113 2.
391 3052 466 3131 Unus
483 3053 607 3111 clericor
625 3052 649 3111 ιι
668 3053 810 3125 bebcetur,
828 3046 949 3112 indutus
953 3055 1174 3128 superpelliceo,
1180 3061 1238 3111 eut
1251 3053 1420 3111 siclericus
1439 3068 1490 3108 non

124 3132 131 3144 '
174 3137 247 3195 edsrt
257 3137 337 3193 luds
328 3137 471 3209 ιιιςιιιιι
481 3139 526 3194 ιιι
540 3138 626 3209 elium,
644 3154 723 3195 menn
736 3137 847 3196 sinistre
864 3138 993 3197 delerens
1008 3139 1115 3197 Rituale
1130 3147 1158 3196 et
1174 3140 1284 3197 numer
1301 3138 1361 3197 albi
1366 3136 1491 3205 cotors,

152 3223 202 3278 ,ιι
218 3240 269 3294 qua
286 3223 321 3279 sit
334 3220 484 3296 Corporale
501 3223 707 3311 supponendum
726 3239 808 3279 sucro
817 3224 933 3290 ciborio
953 3233 980 3280 et
996 3224 1214 3298 purilicatorium
1227 3219 1263 3280 ed
1279 3222 1490 3295 ιιιιιιιειιιιιιιι

172 3296 462 3395 digitossucerdotis:
484 3296 604 3364 dextre
597 3324 666 3364 vero
668 3287 822 3364 it'entidem
838 3308 948 3381 pulsans
963 3300 1156 3383 cdmpenulem.
1189 3304 1218 3368 8.
1251 3306 1333 3367 Alter
1346 3306 1414 3364 ‘lrive
1430 3304 1489 3362 cte

175 3389 251 3471 ricus
261 3389 320 3444 sire
332 3376 426 3451 Luidus
436 3390 486 3463 qui
496 3393 635 3449 urceolum
646 3406 707 3448 cum
717 3406 785 3464 eque
797 3390 941 3458 benedicte
955 3400 983 3449 et
994 3386 1340 3466 capessendorum
1358 3390 1488 3449 uerme-

114 3462 142 3492 '·
175 3481 219 3530 ιιι
232 3451 567 3545 intortitiasibebesntbr.
604 3478 670 3532 'lum
688 3476 822 3563 procedat
838 3477 976 3534 Sacerdos
993 3485 1091 3550 aperto
1107 3472 1319 3549 capiteslontet
1333 3476 1450 3533 ιιιιιιιιι
1463 3479 1489 3530 ιι

176 3557 324 3626 edslrntes,
343 3558 543 3618 Sacramentum
555 3562 684 3618 embebus
695 3549 818 3621 menibus
828 3568 949 3654 putens
953 3569 1016 3618 ente
1029 3569 1143 3658 pectre,
1162 3550 1293 3619 medrus
1275 3566 1352 3619 snter
1359 3560 1431 3619 deos
1442 3575 1489 3617 sen

176 3642 290 3711 ιιιιοι,
312 3643 357 3715 qni
381 3644 525 3711 umbellam
549 3662 599 3710 seu
621 3643 841 3708 beldscbinum
832 3663 915 3742 super
941 3653 1021 3718 ceput
1040 3648 1100 3704 eius
1116 3646 1252 3703 delerent.
1287 3639 1500 3740 smeeqes'ssur·

176 3726 300 3797 cognati
315 3734 342 3781 et
364 3727 441 3784 umici
460 3726 633 3800 aegrotantis
654 3738 681 3786 et
703 3729 816 3799 lidcles,
836 3731 881 3802 qui
899 3747 934 3785 ex
950 3730 1143 3787 devotiones.
1155 3730 1356 3788 Eucharistiam
1367 3727 1490 3797 comitari

177 3812 322 3867 voluerint.
354 3812 490 3870 Sacerdos
509 3815 641 3870 neminem
663 3815 690 3870 in
699 3815 754 3872 'uic
774 3815 874 3872 salutet
894 3830 945 3869 nec
962 3814 1010 3870 ulli
1024 3815 1071 3872 det
1090 3810 1321 3881 benedictiobcns.
1328 3816 1418 3913 7⁸²)
1431 3814 1490 3871 llo·

176 3902 278 3952 ιιιιιι.
298 3894 341 3952 Eo
354 3903 443 3952 temen
455 3913 519 3954 casu
532 3897 701 3954 clericellum
711 3900 836 3969 vestium,
853 3899 958 3955 luminis
970 3907 997 3957 et
1007 3896 1180 3957 diutinnsbuli
1192 3902 1257 3957 u'sus
1268 3901 1296 3957 in
1307 3900 1353 3957 uie
1366 3906 1490 3979 prseter-

177 3978 297 4035 mittitur.
328 3979 408 4047 erod
424 3980 505 4037 etiem
519 3980 739 4042 observandem
732 3999 757 4039 ιι
771 3984 839 4041 locis
854 3984 1066 4042 nemetes.—
1023 3984 1112 4061 -u)
1132 3986 1236 4043 Treuir
1263 3969 1492 4043 lltcemieeon·

177 4064 272 4134 spedtu
287 4065 386 4121 iellrmi
403 4066 484 4121 luerit
501 4065 611 4135 signum
626 4065 721 4124 crucis
741 4067 824 4131 iaciat
841 4085 1008 4126 serssreeum
1030 4086 1089 4127 cum
1109 4087 1196 4127 secra
1201 4068 1313 4142 pyxide.
1328 4100 1369 4113 -
1364 4066 1416 4151 4)
1426 4070 1492 4127 Post

74 4160 80 4173 ·
147 4148 321 4220 'repetitam
331 4150 688 4224 Antipbonam'lrevirense
707 4152 775 4208 baec
793 4151 907 4213 ls'ebetc.
922 4154 1190 4239 mosteredenobis
1204 4154 1491 4243 nomineminriuor·

176 4232 248 4289 ιιιιιι
261 4241 343 4290 mem.
378 4230 431 4303 lb..
443 4234 483 4296 ltu
491 4234 611 4292 relatore
628 4243 702 4292 tuum
725 4237 759 4293 de
774 4236 862 4295 nobis.
883 4242 931 4318 y.
952 4220 1062 4295 Seluun
1079 4240 1124 4297 iso
1140 4227 1259 4297 serenti
1266 4237 1493 4317 ιιιιιι(ιιιιιιιιιι

176 4320 270 4387 mam).
301 4313 345 4393 lb.
370 4320 443 4375 lleus
461 4316 536 4377 mdus
556 4321 739 4393 sperantem
731 4337 759 4377 sn
776 4329 813 4376 te
842 4327 880 4389 p,
901 4321 977 4379 lliltc
996 4323 1023 4379 el
1041 4324 1154 4381 Domine
1172 4325 1301 4381 auxilium
1322 4323 1359 4381 dc
1379 4324 1492 4383 Semele
1504 4390 1507 4399 ,

176 4394 315 4497 splltde
328 4400 394 4456 Sion
409 4409 486 4459 tuere
501 4421 569 4461 eum.
603 4409 641 4471 ψ
658 4402 729 4460 llibil
745 4406 894 4475 proliciunt
886 4404 1010 4465 sninricus
1024 4408 1052 4463 ιι
1063 4408 1113 4473 co.
1149 4403 1194 4486 ιι
1208 4408 1243 4465 ltu
1257 4408 1350 4467 lilius
1341 4408 1494 4489 reiqeilelrs

176 4499 231 4540 eon
242 4491 363 4557 apponat
380 4500 482 4546 nocere
494 4504 530 4544 ιι
560 4494 601 4556 et.
618 4486 686 4545 Esto
702 4488 729 4544 ιι
745 4489 861 4546 Domine
879 4491 963 4549 turris
981 4491 1159 4549 tortitudinis.
1189 4487 1226 4571 ῆι
1250 4493 1392 4553 bieeie
1383 4493 1494 4553 smnio

176 4571 214 4636 p.
237 4568 463 4625 nominesrsudi
476 4572 628 4653 cretionem
639 4587 732 4628 neem.
763 4568 807 4651 R'·
825 4574 974 4633 lltolemor
985 4575 1108 4635 meussd
1122 4584 1151 4633 te
1169 4577 1271 4637 ueniet
1301 4582 1341 4649 r
1365 4579 1496 4656 Duabus
