3046 4942
720 165 792 273 irs

109 426 118 439 .
174 386 231 441 Pro
241 385 287 456 iis,
302 386 348 458 qui
360 387 492 444 innume
502 389 617 447 ecclesis
633 400 680 447 tos
695 395 800 448 {ruem
813 391 1011 449 misericordia
1030 368 1193 467 largiuntur,
1207 356 1347 470 prodamur
1362 408 1404 457 tes
1421 360 1425 367 ·

88 469 275 526 Miserere
292 472 444 527 Domine.
740 484 746 496 ⁶
1066 484 1069 491 '

88 640 112 692 Β
176 555 285 621 Exaudi
308 576 357 611 nos
373 552 452 611 Deus
475 558 504 610 io
528 559 598 612 omni
619 560 741 619 eratione
766 571 847 633 etque
871 562 1063 633 deprecatione
1089 574 1182 619 nostre
1200 584 1339 637 precemur
1364 574 1407 624 ts:

122 640 237 693 omine
258 651 311 693 etc.
816 658 821 668 ⁴
892 663 900 676 ·

175 723 300 778 Dicamus
314 742 420 795 omnes:
450 726 563 779 Domine
576 729 713 785 mirerere.

151 944 156 953 ι
191 865 241 931 Vl.
273 866 404 947 llymnus
429 869 580 948 angelicus
596 872 626 930 in
643 873 761 933 summis
777 871 1004 946 festivitatibus,
1023 874 1182 953 praecipue
1200 875 1229 934 in
1248 873 1407 937 Nativitate

88 967 208 1029 Domini
223 971 313 1032 latine
328 982 358 1033 et
372 990 481 1052 graece
495 972 665 1041 decantatus
688 983 734 1035 est
749 974 787 1036 cl.
807 971 951 1036 Thesaur.
967 971 1103 1053 Hpnmol.
1140 970 1218 1035 lb'm
1230 974 1271 1036 11.
1285 993 1317 1053 p.
1333 972 1406 1041 272.

88 1068 194 1151 Neque
221 1067 293 1135 vero
319 1075 354 1135 ab
377 1077 434 1139 hoc
452 1073 626 1152 angelorum
650 1078 779 1138 carmine
799 1078 954 1137 temeraria
974 1076 1218 1157 interpolatorum
1244 1096 1345 1139 manns
1372 1097 1406 1139 se

88 1172 239 1238 abstinuit.
272 1175 305 1236 lu
325 1179 424 1240 multis
445 1177 511 1240 aevi
530 1177 617 1238 medii
638 1176 805 1239 blissalibris
826 1178 936 1256 legitur
957 1178 1090 1240 Gloria
1119 1176 1322 1240 blarianum
1342 1182 1360 1241 i.
1376 1200 1404 1245 e.

88 1276 117 1335 in
145 1275 231 1339 lestis
251 1280 360 1340 Boutae
377 1280 510 1358 Virginis
529 1278 682 1341 dicendum
703 1280 762 1341 hoc
784 1280 888 1342 modo:
916 1276 1020 1340 Gloria
1039 1281 1071 1339 in
1089 1279 1219 1341 cxccbis
1238 1279 1303 1343 Deo
1328 1287 1358 1341 et
1375 1281 1406 1341 in

88 1383 174 1439 terra
184 1379 723 1458 ponbnminibusbonacooiuntatis.
750 1380 928 1442 Lundstrm
939 1387 976 1443 te.
1003 1379 1212 1443 benedicimus
1226 1389 1263 1443 te.
1286 1381 1404 1444 Adora

88 1500 156 1542 mus
177 1489 216 1543 te.
251 1480 461 1561 Glorilicnmus
475 1489 513 1545 te.
548 1482 672 1544 Gratius
686 1484 802 1562 ammes
814 1482 868 1543 tibi
882 1489 1009 1562 propter
1020 1501 1160 1562 mcpnum
1171 1484 1299 1563 plurium
1312 1492 1403 1547 tunm.

88 1583 215 1646 Dcnsine
228 1583 313 1647 Deus
323 1578 383 1645 'ren
395 1584 542 1662 coelestis,
553 1584 639 1648 Dens
649 1591 739 1663 puter
751 1586 944 1661 omnipotens.
965 1584 1091 1648 Domine
1106 1585 1162 1645 Fili
1172 1587 1321 1664 sennenn
1333 1586 1405 1648 lesu

89 1683 219 1747 Christe.
258 1685 391 1762 Spiritus
410 1693 439 1747 et
462 1685 539 1746 mme
552 1684 759 1762 orphanorum
775 1684 934 1761 paraclite.
974 1685 1100 1746 Domine
1117 1685 1201 1746 Deus
1221 1704 1317 1764 annue
1337 1687 1405 1766 Dei,

88 1788 169 1865 filius
186 1787 297 1864 putris,
313 1785 530 1865 primopenitas
549 1784 669 1853 Manae
688 1785 814 1865 circinus
830 1786 947 1848 neuton.
985 1782 1047 1859 Qui
1064 1785 1142 1847 tollis
1158 1792 1286 1864 peccata
1305 1788 1408 1848 mnndi

88 1889 210 1967 suscipe
230 1887 471 1966 deprecationem
490 1894 628 1949 nostrum
647 1886 690 1948 ud
701 1885 821 1948 Murice
837 1886 976 1966 plurium.
1016 1884 1078 1961 Qui
1098 1887 1187 1949 sedes
1208 1887 1251 1948 ad
1265 1886 1406 1949 dextram

88 1988 439 2069 putrisndaererenobis.
460 1987 610 2063 Quoniam
622 1997 653 2049 tn
665 1989 750 2051 solus
762 1976 888 2050 abactam
896 1986 1243 2069 Mariumsanctificnns.
1266 1988 1309 2051 lh
1321 1991 1406 2052 solus

88 2093 233 2156 Donainus
253 2090 386 2153 Marium
402 2091 585 2170 poenum.
624 2089 667 2152 lit
686 2091 770 2153 solers
789 2090 1112 2153 citissimus-lilerium
1138 2109 1305 2169 coronans,
1332 2092 1404 2155 lesu

88 2193 205 2256 iluiste
219 2213 287 2255 cum
297 2193 410 2254 Sancto
423 2192 537 2273 Spiritu
550 2194 582 2255 in
595 2193 695 2272 picria
705 2193 764 2257 Dei
783 2191 893 2255 Putris.
919 2191 1024 2255 Amen.
1060 2194 1120 2255 Sed
1137 2197 1193 2255 iam
1214 2194 1353 2258 Nicolans
1367 2194 1402 2257 V.

88 2297 225 2377 pontifex
252 2296 419 2376 prohibuit,
448 2315 485 2356 no
512 2295 587 2359 haec
609 2297 796 2378 paraphrasis
815 2297 844 2356 in
864 2315 917 2357 sua
939 2297 1053 2378 capella
1076 2295 1241 2375 diceretur,
1264 2286 1403 2379 pro‘tota

88 2399 216 2461 ecclesia
234 2399 331 2460 denuo
351 2400 455 2459 reiecit
475 2398 545 2459 Pius
559 2397 593 2471 ll.
639 2396 767 2475 Tamen,
792 2415 854 2458 cum
878 2399 964 2458 huius
984 2398 1129 2459 formulae
1143 2418 1212 2459 usus
1232 2386 1402 2479 irrepsisset

88 2504 115 2562 iu
133 2501 238 2563 nnus
252 2502 433 2581 provincias,
454 2500 602 2580 hodieque
617 2500 696 2561 Ordo
718 2501 825 2560 missae
844 2499 991 2560 Romanus
1010 2499 1083 2560 haec
1105 2499 1199 2560 iubet:
1230 2501 1280 2560 Sic
1296 2501 1403 2561 dicitur

88 2603 185 2665 Gloria
200 2606 287 2665 etiam
308 2604 337 2663 iu
351 2602 449 2664 iliosis
464 2602 569 2665 beatae
583 2601 723 2680 Virginis.
763 2599 848 2680 Apud
863 2599 1021 2660 Pamelium
1042 2602 1072 2660 in
1087 2600 1144 2660 hnc
1159 2599 1243 2660 Tomi
1256 2598 1290 2661 ll.
1309 2600 1402 2660 Litur-

88 2707 233 2782 picorum,
246 2705 322 2766 aliae
336 2714 452 2765 exstant
467 2704 724 2785 interpolationes,
744 2702 800 2763 alia
823 2703 851 2762 in
868 2701 1029 2762 Nativitate
1043 2703 1171 2778 Domini,
1192 2699 1248 2760 aliu
1266 2703 1295 2762 in
1313 2701 1401 2761 Dedi-

88 2793 377 2867 catione'ecclesiac.
394 2804 479 2865 Nunc
492 2825 547 2865 una
561 2824 625 2866 cum
641 2804 748 2882 l'ropls
763 2820 884 2882 prorsus
894 2802 1035 2880 abrogata
1053 2810 1120 2861 sunt
1134 2803 1277 2864 eiusmodi
1292 2801 1401 2889 produ

88 2905 245 2989 ιιίγραφα,
265 2926 352 2987 quas,
373 2915 403 2967 ut
423 2915 505 2966 recte
518 2908 558 2967 ait
577 2906 668 2982 Boua,
684 2904 915 2966 ecclesiasticam
928 2905 1103 2982 gravitatem
1124 2904 1241 2965 minime
1264 2906 1401 2968 redolent

88 3010 257 3090 cultumque
270 3009 399 3071 divinum
413 3026 472 3069 non
485 3017 595 3095 augent
608 3007 661 3068 sed
676 2992 848 3068 diminuunt.

185 3143 250 3205 vu
284 3144 316 3204 ιιι
331 3143 439 3204 crum
453 3142 631 3218 contraeas,
653 3143 680 3200 n
702 3139 840 3201 inmissa
860 3128 1132 3231 urenturcror'n,
1155 3140 1259 3202 offerar
1278 3163 1294 3205 a
1315 3143 1399 3209 cere·

89 3247 190 3309 brente
211 3248 285 3308 Pax
306 3246 418 3326 uobis
446 3254 476 3305 et
494 3241 692 3324 respondetur
712 3242 757 3304 Et
782 3260 857 3303 cum
884 3243 1028 3322 spiritu
1054 3251 1127 3304 tuo.
1163 3243 1195 3304 Si
1217 3224 1399 3310 nondictum

89 3360 130 3412 cst
143 3349 259 3424 Gloria,
273 3350 364 3409 utitur
376 3346 502 3408 lormula
515 3347 699 3406 Dominus
720 3338 933 3408 vobiscum(

188 3451 268 3512 Olim
283 3451 395 3511 Romae
408 3449 543 3526 Diaconi,
558 3446 740 3524 cardinales,
757 3444 937 3508 subdiaconi
959 3446 1051 3509 etalii
1066 3447 1184 3512 ordines
1200 3467 1264 3510 cum
1276 3451 1397 3512 scrinia·

89 3555 138 3614 riis
160 3552 311 3614 iaciebant
340 3550 443 3613 lairdes
462 3551 589 3612 Domino
614 3550 712 3631 Papae
739 3551 873 3629 proxime
906 3560 976 3629 post
1005 3549 1167 3613 Collectam
1193 3552 1250 3613 hoc
1281 3551 1396 3614 ordine.

90 3656 322 3717 hrcbidlaconus
354 3672 419 3714 curn
447 3653 512 3714 aliis
538 3654 678 3714 Diaconis
712 3661 742 3712 et
773 3651 968 3714 subdiaconis
997 3651 1114 3715 stabant
1138 3656 1218 3715 iuxta
1247 3654 1340 3715 altare
1367 3660 1397 3711 ct

90 3758 271 3838 incipiebant
288 3756 346 3818 ulta
360 3774 453 3817 voce:
480 3754 621 3817 Exaudi
643 3754 808 3816 Christe.
847 3752 1008 3815 Scrirsiarii
1026 3772 1097 3816 cero
1117 3763 1233 3818 stantes
1246 3757 1277 3815 in
1299 3752 1397 3814 Chore

89 3857 600 3938 cemplnoiodbusrespondebnnt:
617 3858 781 3918 Domino
804 3861 1175 3945 nostropapaevita.
1201 3855 1397 3934 quuetertio

89 3962 291 4045 repetebatur.
309 3959 425 4023 Deinde
435 3957 797 4021 Arcbidinconnsdicebu't
811 3959 907 4021 tribus
917 3957 1061 4021 oucibus:
1075 3962 1139 4022 Sal
1149 3968 1259 4019 vator
1272 3958 1395 4019 mundi
1423 3958 1427 3965 '

88 4064 128 4123 ud
142 4062 283 4142 mamilus
300 4063 551 4142 respondentibus
570 4060 741 4122 scriniariis
765 4061 815 4122 Tu
834 4062 942 4123 illurn
964 4062 1110 4124 adiuva.
1147 4057 1395 4139 Tumsequebun·

88 4168 135 4226 hrr
158 4166 320 4243 Inimico,
346 4166 483 4228 uidelicet
508 4166 648 4227 Sancta'
674 4163 807 4241 blaria,
833 4162 882 4223 'lu
906 4164 1012 4243 illum
1038 4163 1177 4226 adiuva
1203 4167 1233 4222 et
1259 4165 1395 4225 Sancte

88 4267 252 4331 {lehael
279 4267 331 4331 l'u
358 4255 469 4331 lllum
488 4269 623 4331 adiuva
641 4269 950 4345 etquoescdunntur.
973 4264 1090 4340 Quibus
1100 4263 1192 4343 finitis
1205 4263 1324 4327 abebat
1336 4261 1394 4324 Ar·

88 4368 299 4434 ermccnues
321 4369 438 4450 llyrie
457 4371 627 4448 eleison,
650 4368 808 4432 Christe
825 4369 999 4444 eleison,
1015 4367 1134 4445 llyrlo
1156 4365 1395 4431 elelscnidem

88 4490 206 4554 semper
231 4471 481 4553 respondentibus
496 4472 676 4537 senmurum
719 4469 756 4535 lit
774 4479 844 4555 post
866 4470 942 4534 hoec
962 4468 1171 4564 subdiaconus
1190 4470 1307 4551 leychen
1325 4467 1394 4549 Epi·
