3046 4942
739 287 810 357 142

118 494 287 554 munionem
301 476 497 566 vituperaret
511 483 638 559 monet,
656 458 759 561 utpote
772 481 811 544 ab
830 482 994 563 apostolica
1014 481 1175 544 traditione
1191 481 1336 543 alienum.
1368 479 1422 542 lltrt

119 604 176 671 est,
191 595 282 671 longe
295 593 413 669 lateque
428 588 501 646 baec
515 582 700 645 consuetudo
719 602 775 663 per
796 581 939 646 ecclosias
960 584 1072 646 Galliae
1082 594 1120 645 et
1140 583 1321 646 Germaniae
1334 600 1425 664 propr·

118 706 187 774 gata
207 704 278 756 erat.
312 688 452 754 Permulti
473 686 600 749 Lodices
620 684 730 748 babent
750 688 780 747 in
800 687 1124 751 calce-Benedictionce
1146 687 1363 767 episcopales,
1381 703 1425 766 pro

117 799 258 869 laetorum
273 793 415 853 varietate
430 789 573 849 diversas.
608 786 728 850 Gabriel
744 789 807 851 lliol
827 791 922 853 adbuc
941 792 1004 866 agit
1028 789 1066 850 de
1081 789 1136 851 lrac
1149 786 1425 851 benedictionerol·

17 949 25 963 .
86 916 89 920 ·
116 899 204 960 lemni
218 896 349 957 lectione
359 889 517 953 lxxxix.
537 888 705 951 Gerbertao
718 882 921 955 inl’ontilicali
933 885 1425 981 monasteriiblurensisaonilboe

117 999 308 1074 investigavit
327 994 501 1056 sollemnem
522 988 763 1055 benedictionem
783 1004 852 1057 ante
870 999 973 1074 Agnus
992 994 1049 1056 bei
1069 996 1251 1075 positam-in
1273 994 1423 1056 lauriane

116 1100 289 1162 aloannia.
328 1095 374 1162 De
385 1080 512 1158 'Makara
526 1098 555 1157 in
571 1097 677 1157 itinere
690 1095 831 1175 liturgico
847 1100 881 1160 in
902 1097 1052 1161 norrnullis
1072 1096 1187 1158 Galliac
1208 1094 1349 1159 ccelesiis
1366 1114 1422 1157 err·

115 1202 180 1265 dem
194 1205 281 1263 ritum
295 1200 476 1262 observavit.
504 1196 672 1260 llartenirts
692 1199 802 1277 relert,
825 1218 902 1262 anno
922 1195 1007 1261 utet
1025 1199 1128 1261 beodii
1151 1201 1181 1260 iu
1203 1200 1288 1261 festo
1311 1200 1342 1260 S.
1355 1198 1422 1261 bam

116 1305 192 1365 berti
205 1302 341 1397 (latroni
355 1299 451 1378 rubis)
465 1319 499 1362 sc
518 1310 704 1382 praesentem
724 1304 828 1364 missae
847 1303 1007 1383 pontificali
1028 1301 1272 1364 benedictionem
1290 1302 1350 1364 boc
1366 1301 1421 1363 loct

76 1442 89 1461 x
103 1415 180 1468 'ante
203 1386 309 1482 adquae
327 1402 386 1467 Dei
405 1407 587 1486 percepisse.
621 1403 695 1466 llum
723 1404 812 1467 bodio
839 1408 951 1486 uspiam
979 1408 1018 1467 ita
1038 1404 1253 1483 benedicatur,
1274 1423 1331 1485 prc
1340 1412 1419 1466 ¹ocrtt

114 1507 294 1571 anubabsc
359 1563 365 1574 ,
594 1522 598 1527 ’

216 1610 250 1671 ln
278 1610 403 1671 formula
430 1608 530 1670 liaeo
556 1609 779 1670 commixtio
802 1617 858 1669 etc.
880 1563 997 1689 plurimi
1021 1619 1140 1671 veteres
1163 1611 1306 1670 omittunt
1329 1624 1417 1671 rect!

114 1731 186 1777 eane
197 1711 374 1792 superbona
388 1720 477 1793 atque
490 1710 653 1788 ambiguam
670 1720 706 1770 et
720 1714 981 1772 consecratio
1014 1712 1047 1774 ln
1062 1711 1173 1774 blissali
1188 1710 1417 1773 cisterciensium

113 1817 180 1877 anni
197 1809 320 1874 rtet
294 1834 340 1876 src
356 1813 493 1876 babetur:
520 1810 605 1874 llaec
618 1819 818 1874 socrosancta
830 1814 1001 1875 comminatio
1015 1846 1060 1859 -
1076 1844 1124 1857 -
1136 1814 1194 1892 fiat
1207 1813 1326 1903 emlaoet
1341 1810 1416 1875 arrd·

112 1917 170 1978 bus
190 1915 375 1978 commatibus
392 1915 479 1977 saltas
491 1917 598 1976 moratis
611 1920 641 1975 et
656 1916 796 1992 cooperio
808 1915 851 1975 ad
864 1917 957 1977 odam
976 1922 1132 1976 aetermam
1150 1915 1417 1995 proarcreadoarct
1449 1975 1453 1985 ,

112 2019 329 2096 capessendam
339 2018 537 2097 praeparatio
550 2015 706 2077 nabrtaria.
735 2016 919 2079 Curtbueiani
940 2027 1029 2080 tutam
1042 2022 1249 2099 precationem
1264 2018 1416 2099 repudiant,

114 2124 256 2186 omniuo
249 2142 288 2183 ιιι
284 2123 350 2183 boc
362 2121 469 2182 blissae
489 2121 584 2199 capite
601 2120 776 2196 singulares
818 2121 910 2181 Orant
925 2123 1002 2182 enim
1022 2121 1115 2183 semcl
1135 2122 1268 2200 Agnus
1290 2122 1354 2182 llci
1368 2134 1415 2199 pru

113 2227 207 2303 vivis,
230 2225 322 2286 semel
347 2243 406 2315 pra
432 2223 615 2288 beirrnctis·
638 2221 706 2283 dein
733 2231 924 2302 praetercunt
951 2225 1130 2285 arationem:
1156 2224 1318 2286 Domine
1341 2212 1429 2283 lesu'

115 2326 270 2389 Christe
289 2329 351 2407 qui
372 2327 530 2403 dixisti,
550 2327 579 2385 iu
595 2324 693 2386 multis
708 2328 822 2386 variant
837 2335 1010 2405 sequentem
1030 2326 1190 2388 llcmiuc
1213 2327 1298 2389 lesa
1318 2324 1413 2386 Glari·

112 2438 171 2491 sta
187 2429 251 2490 lili
271 2430 341 2491 Dei
363 2432 462 2505 vivi,
484 2447 520 2509 ac
539 2437 679 2508 repetunt
692 2429 795 2504 Agnos
809 2429 865 2489 Dei
883 2428 929 2489 bis
951 2430 1112 2508 provisis,
1133 2429 1229 2491 semel
1248 2446 1303 2510 pro
1314 2425 1414 2489 Delen-

7 2570 35 2619 ·.
114 2534 177 2592 ctis.
212 2532 271 2593 Sed
293 2535 347 2593 iarn
368 2550 456 2612 sopra
476 2533 656 2607 monuimus,
679 2530 834 2593 ecclesiam
855 2531 925 2593 olim
946 2549 1004 2592 non
1030 2550 1116 2592 uuum
1136 2533 1325 2612 eundemque
1339 2530 1415 2591 ritum

111 2640 249 2695 servassb
262 2637 292 2694 in
311 2634 495 2695 decantando
513 2637 641 2709 Agnus
655 2634 734 2693 llei.
771 2633 853 2694 blulti
875 2636 967 2709 igitur
980 2634 1048 2695 libri
1069 2653 1128 2696 non
1141 2635 1315 2715 discrepent
1327 2650 1342 2693 a
1356 2629 1412 2711 Gar·

14 2731 21 2744 '
112 2720 249 2797 tbusia'na
259 2734 407 2810 religione
422 2734 470 2794 vel
485 2735 541 2795 alia
555 2736 671 2795 ratione
683 2735 720 2794 ab
735 2735 879 2795 hodierno
895 2754 947 2797 usu
962 2720 1147 2801 dissentiunt.

214 2834 367 2895 Canauna
377 2834 547 2912 gnusDei
564 2837 675 2913 priuata
689 2835 808 2897 licentia
824 2836 895 2898 olim
907 2839 1115 2924 interpolatum
1130 2857 1199 2901 essa
1213 2857 1274 2945 uoq
1289 2832 1414 2916 estquod

111 2947 287 3017 repetemus
311 2935 424 2999 Banu
416 2956 445 2998 ιιι
463 2939 582 3017 antiquo
599 2937 675 2997 libro
691 2938 766 3015 legit
780 2939 857 2999 bunc
871 2949 1005 3020 tropum:

183 3038 343 3118 Agnus
368 3041 453 3100 llei³
475 3042 538 3119 qui
566 3037 680 3101 tollis
705 3051 866 3120 peccata
893 3043 1036 3121 mundi,
1060 3044 1180 3106 crimina
1200 3041 1303 3120 tollis,
1322 3055 1415 3121 aspen

111 3143 228 3220 mullis,
252 3163 347 3221 agnus
371 3143 494 3204 honoris
522 3145 710 3203 miserere
733 3145 853 3207 nobie.
877 3146 1007 3224 Agnus
1027 3147 1097 3208 Dei
1119 3136 1181 3224 qui
1199 3144 1319 3208 tollis
1338 3158 1417 3224 pec·

113 3266 149 3309 aa
161 3255 196 3306 ta
219 3248 341 3308 muudi
370 3246 494 3308 vumere
511 3264 608 3322 sanae,
627 3245 714 3306 ardua
707 3228 843 3327 planas,
857 3265 953 3325 agnus
969 3250 1078 3310 amoris
1096 3250 1287 3315 miserere
1304 3246 1416 3309 nobis.

112 3349 242 3425 lignus
260 3348 328 3410 llei
348 3351 411 3428 qui
436 3348 548 3411 tollis
570 3358 728 3427 peccata
754 3350 898 3429 muudi,
920 3351 1039 3415 sordida
1059 3348 1305 3417 mundoaoun'eta
1323 3350 1418 3413 lecu·

111 3450 173 3529 das,
189 3451 513 3527 agnusodoris‘dona
530 3451 643 3512 nobis
664 3469 801 3530 pacem
1193 3488 1196 3492 -

145 3551 359 3633 *liupertus
383 3554 541 3615 Tuitiensis
561 3551 770 3616 dodinotllc.
791 3549 874 3615 017
900 3553 990 3617 baliet
1011 3555 1071 3618 boc
1089 3554 1352 3617 additamentum:
1365 3548 1418 3627 0¹⁴

110 3656 195 3719 sedes
207 3656 251 3717 ad
261 3656 402 3717 dostram
411 3656 512 3734 patria
522 3657 667 3727 miserere
680 3655 775 3719 rmbb.
807 3656 850 3718 lta
872 3659 986 3719 invenlt
999 3654 1166 3743 (lanbertum
1180 3657 1210 3719 ln
1225 3653 1342 3719 Codice
1354 3653 1417 3715 lla·

14 3828 16 3833 Ι
111 3760 282 3836 nigarteosi.
316 3757 441 3819 lnbbn·
447 3759 729 3821 Gallensibusobvii
751 3759 1032 3821 eraotllirollncto
1058 3759 1191 3839 „Versus
1214 3750 1418 3841 superique

107 3857 191 3922 bei
183 3884 213 3924 ιιι
236 3863 354 3940 summis
371 3857 624 3937 lestis·ilatibus.“
654 3859 687 3921 lu
706 3859 891 3923 Bibliotheca
909 3880 960 3923 sua
980 3863 1201 3935 8ιιι·Βιιιιιιιι
1222 3863 1332 3926 similia
1353 3860 1420 3938 legit

111 3979 140 4019 v
153 3982 178 4026 o.
197 3984 301 4028 uersus
317 3984 408 4047 super
422 3965 526 4042 Agnus
545 3964 600 4024 llei
615 3981 678 4023 cum
693 3964 845 4026 Biscantu:
871 3964 990 4026 Summe
1002 3965 1087 4031 Deua
1100 3982 1159 4026 rea
1167 3964 1338 4043 acclama,
1348 3976 1417 4025 m

47 4086 51 4092 ·
110 4062 213 4122 salas
210 4067 363 4146 fideliam,
390 4080 448 4130 ace
468 4083 561 4146 ραιιιι
583 4064 760 4143 aupclomrm
785 4084 862 4129 oera
889 4068 981 4129 soloe
994 4068 1196 4146 peccantiam.
1239 4069 1287 4131 De
1314 4066 1418 4131 Ιιιιιι

44 4243 50 4253 ·
110 4167 229 4228 sacral
219 4187 272 4248 ..p
285 4167 406 4253 tbdsq.

210 4269 345 4335 lixlllll
376 4278 521 4350 Quantum
541 4273 576 4334 ad
590 4271 702 4335 Missae
723 4274 816 4352 capita
838 4275 1014 4352 novissima,
1035 4274 1157 4336 saeculo
1171 4274 1290 4336 demum
1311 4273 1418 4337 luteo

66 4432 71 4443 ¹
111 4378 198 4430 sexto
211 4373 251 4431 ita
266 4371 362 4448 legum
375 4378 574 4441 sanctionibus
589 4375 733 4438 custodita
748 4385 794 4436 est
809 4374 1015 4456 disciplinam
1028 4396 1105 4439 nunc
1119 4377 1263 4465 plurimae
1277 4375 1421 4439 ecclesiae

112 4485 177 4529 cum
190 4469 320 4533 Romane
337 4474 425 4535 lerc'
417 4496 447 4539 ru
461 4482 595 4543 omuibus
611 4479 791 4558 conspirent.
832 4480 912 4555 snae
925 4464 1035 4560 ubique
1049 4481 1208 4561 antiquitus
1221 4489 1358 4561 recepta
1362 4484 1423 4541 erar

111 4571 655 4646 Oratioltorniuelesuclrriste
670 4580 903 4665 quidixistl‚
919 4582 1284 4664 quaccocorrltlnltrsa
1297 4580 1423 4663 lllyrici:
