3060 4934
795 298 870 366 298

277 485 396 557 Passio
418 480 555 552 Domini
576 485 685 556 nostri
705 481 784 555 lesu
805 478 943 569 Christi,
961 482 1082 551 marita
1101 478 1225 551 beatae
1237 476 1377 552 Mariae.
1391 481 1494 572 virgi-

175 592 228 662 nis
252 597 288 658 et
307 587 455 657 omnium
477 581 695 674 Sanctorum,
722 583 887 680 quidquid
912 582 995 654 boni
1019 581 1147 653 feceris
1168 590 1204 652 et
1224 581 1308 652 mali
1325 584 1493 656 sustinue

174 692 242 776 ris,
272 689 338 760 siut
358 686 419 759 tibi
439 687 732 759 inremissionem
759 695 998 781 peecatorum,
1026 693 1247 776 augmentum
1271 687 1428 777 gratiae,
1460 694 1493 757 et

174 792 363 887 praemium
384 791 478 861 uitae
498 797 670 859 aeternae.
715 788 838 859 Amen.
848 785 880 884 1)

277 900 311 962 lu
325 899 565 962 confessionibus
578 912 675 961 autem
691 898 945 980 frequentioribus
960 907 990 959 et
1003 897 1193 959 brevioribus
1206 898 1303 963 orsitti
1316 906 1419 977 potest
1432 884 1491 958 ffl-

177 1002 336 1067 screatur
355 1003 419 1064 ete.
448 1001 520 1063 satis
541 1002 597 1062 erit
618 1001 734 1062 licere:
759 992 926 1064 Dominus
947 1000 1068 1064 noster
1090 988 1189 1075 Iesus
1206 988 1364 1063 Christus
1385 1000 1449 1061 eto.
1462 1006 1491 1058 st

175 1123 371 1186 capramque
384 1103 420 1165 ao
433 1102 505 1163 ittad
519 1092 639 1168 Passio
653 1094 790 1165 Domini
803 1104 868 1165 ete.
1403 1182 1408 1187 Ι

279 1207 415 1285 Urgente
436 1222 509 1266 vero
525 1203 622 1285 aliqua
645 1208 729 1285 graui
745 1207 924 1267 necessitate
936 1204 965 1264 in
980 1201 1114 1283 periculo
1129 1202 1233 1264 mortis
1248 1199 1385 1264 breviter
1396 1202 1491 1265 dicero

176 1311 297 1389 poterit.

279 1400 357 1494 Ego
391 1410 426 1471 te
459 1397 606 1472 absolvo
634 1397 677 1469 ab
704 1399 861 1471 omnibus
888 1399 1044 1469 censuris
1066 1405 1100 1466 at
1125 1397 1278 1490 peccatis
1301 1397 1337 1466 in
1358 1398 1492 1468 nomine

179 1502 288 1575 Patris
313 1502 344 1594 †
372 1512 406 1573 et
431 1500 511 1572 Filii
538 1511 572 1572 et
599 1499 746 1596 Spiritus
766 1500 891 1574 Sancti.
939 1493 1107 1594 Amen.²)

208 1734 211 1739 .
280 1672 340 1743 De
367 1668 647 1745 absolutione
675 1668 722 1740 ab
744 1653 1205 1740 Exeommunioatione
1228 1669 1268 1738 iu
1294 1666 1396 1739 loro

717 1774 948 1843 exteriori.

280 1918 312 1978 Si
334 1925 468 1998 potestas
492 1916 667 1979 absoluendi
688 1916 724 1977 ab
747 1916 1059 1977 excommunicationis
1079 1914 1227 1979 sententia
1241 1912 1401 1975 Sacerdoti
1418 1930 1492 1975 con·

176 2019 266 2080 missa
289 2019 380 2079 luerit
401 2021 586 2099 sSuperiori
607 1998 638 2080 et
650 2021 679 2079 in
695 2018 830 2080 mandato
846 2025 926 2078 certa
940 2017 1035 2078 iorma
1048 2018 1086 2077 sit
1100 2017 1295 2096 praescripta,
1308 2014 1362 2075 illa
1377 2016 1492 2077 omnino

176 2120 323 2181 servanda
343 2128 406 2196 est,
426 2122 452 2181 si
474 2139 546 2182 sero
567 2122 595 2181 in
610 2113 746 2182 mabdato
761 2138 814 2181 seu
829 2120 1038 2179 commissione
1055 2118 1176 2180 dicitur:
1196 2111 1232 2179 in
1248 2106 1360 2180 formu
1372 2105 1493 2178 Eccle-

176 2215 250 2286 siae
272 2222 438 2285 consueta
457 2213 635 2303 absolvat,
658 2221 732 2283 llaec
751 2220 897 2282 servanda
916 2229 994 2281 sunt.
1007 2250 1060 2263 -
1075 2220 1190 2297 Primo,
1213 2228 1245 2280 ut
1259 2220 1493 2281 excommunica·

176 2331 224 2384 tus
243 2325 288 2399 ei,
303 2322 342 2384 ob
358 2325 441 2385 cuius
460 2324 601 2387 oliensam
614 2326 644 2384 iu
663 2325 997 2385 excommunicationem
1011 2323 1135 2383 incurrit
1149 2324 1232 2402 prius
1245 2323 1269 2382 si
1282 2329 1396 2401 potest,
1410 2321 1495 2382 satb

176 2423 275 2489 iaciat.
314 2425 400 2500 Quod
414 2427 439 2487 si
454 2435 523 2488 tunc
538 2446 597 2488 uon
612 2428 727 2507 possit,
744 2427 942 2488 sullicientsm
957 2426 1123 2485 cautionem
1141 2422 1301 2503 praebeat,
1315 2422 1494 2498 numbers,

176 2529 203 2588 si
217 2546 281 2589 earn
295 2538 450 2607 praestare
464 2547 524 2591 non
539 2537 660 2610 potest,
678 2532 755 2589 iuret
771 2548 822 2602 se,
841 2548 906 2590 cunr
920 2529 1044 2608 primum
1061 2529 1185 2606 poterit,
1200 2524 1430 2588 satislaotnrum.
1449 2554 1494 2567 -

176 2629 315 2691 Secundo
335 2631 361 2691 si
382 2632 492 2691 crimen
507 2632 546 2691 ob
559 2630 638 2710 qurod
657 2634 686 2691 iu
700 2633 1033 2691 excommunicationem
1053 2628 1154 2690 incidit
1167 2631 1206 2690 sit
1217 2645 1329 2706 grave,
1351 2629 1493 2689 iurassen-

176 2737 236 2790 tum
251 2730 287 2790 ab
301 2747 339 2790 ao
354 2732 492 2807 exigatur
505 2730 543 2791 de
557 2732 688 2810 parendo
705 2731 847 2792 mandatis
854 2730 1018 2808 Ecclesiae,
1034 2750 1109 2812 quae
1125 2730 1168 2792 illi
1183 2732 1322 2810 lisntpro
1332 2729 1384 2791 tali
1394 2733 1493 2791 caum:

176 2845 212 2888 ac
224 2831 401 2908 praecipere
416 2848 455 2889 us
472 2831 613 2910 deinceps
628 2830 779 2911 delinquat
793 2842 896 2893 contra
910 2832 992 2893 illum
1006 2852 1149 2895 canonem
1162 2833 1211 2894 rel
1227 2833 1383 2894 decretum
1394 2840 1492 2895 matrs

177 2928 257 3009 quod
269 2928 405 2991 iaciendo
421 2949 573 2992 censuram
586 2934 718 2994 incurrit.

280 3029 416 3111 Denique
431 3033 510 3094 hauc
523 3034 699 3096 absolvendi
713 3036 797 3095 ritum
813 3035 994 3099 observabit.
1035 3036 1241 3100 Posuiteutem
1255 3055 1358 3101 aarum
1370 3056 1407 3100 ss
1419 3045 1491 3099 utro·

178 3193 391 3207 Μ

245 3289 276 3369 1)
298 3294 444 3364 Agenda
466 3297 516 3353 llo
526 3314 596 3369 gun
607 3305 626 3354 t.
649 3300 726 3355 1513.
762 3298 922 3356 llisercstar
942 3299 980 3356 tui
995 3299 1168 3372 omnipotens
1184 3302 1257 3357 Deus
1271 3306 1301 3355 ot
1315 3299 1434 3359 dimittat
1446 3298 1489 3357 tibi

181 3374 270 3431 omnia
283 3387 394 3447 paccata
405 3388 450 3436 tua
463 3389 491 3438 et
502 3381 639 3438 custodiat
653 3389 680 3437 te
692 3383 726 3437 ab
743 3384 814 3438 omni
827 3384 908 3454 malo,
919 3391 1066 3440 conseruet
1077 3391 1104 3440 te
1115 3383 1142 3440 in
1155 3382 1227 3440 omni
1238 3383 1315 3441 bono
1325 3391 1380 3444 cte.
1406 3382 1489 3441 ludul-

180 3459 300 3530 gentiam
312 3465 364 3519 eto.
393 3463 460 3518 bein
475 3467 596 3538 imponet
611 3467 805 3537 poeniteutiam
817 3467 961 3524 salutarem
973 3484 1025 3540 qun
1040 3485 1055 3523 a
1070 3469 1231 3540 poenitente
1244 3454 1362 3540 accepta
1373 3470 1491 3526 absoluti

181 3558 257 3599 euna:
278 3543 367 3615 primo
379 3545 412 3598 ab
422 3549 701 3606 excommunicatione
714 3551 827 3621 minori,
844 3551 906 3607 dein
918 3568 933 3607 a
945 3561 1058 3624 peecata
1072 3553 1206 3609 dicando:
1225 3553 1360 3611 bantinus
1371 3552 1491 3611 nostml.

181 3626 213 3684 G.
233 3645 284 3700 per
303 3644 377 3684 snam
396 3643 518 3696 magnam
539 3634 753 3690 misericordiam
774 3636 901 3707 dignetur
912 3643 940 3692 te
955 3637 1099 3694 absoluere
1111 3645 1139 3693 et
1151 3653 1206 3708 ego
1221 3638 1390 3695 auctoritate
1403 3638 1491 3712 ipsium

180 3728 232 3784 qna
246 3728 301 3784 ego
316 3713 427 3785 longor,
440 3713 554 3772 absolvo
565 3725 592 3774 te
603 3736 618 3776 a
631 3718 739 3775 uinculo
755 3720 1041 3779 excommunicationis
1054 3723 1175 3793 minoris,
1187 3722 1331 3794 alligaris,
1342 3723 1492 3781 etabsolro
1524 3716 1527 3721 ’

180 3803 210 3851 te
224 3813 239 3851 n
252 3796 372 3868 pcccatis
385 3796 437 3851 tuis
452 3796 479 3853 in
495 3800 599 3859 nomine
612 3804 698 3859 Patris
709 3799 732 3880 †
745 3812 773 3860 at
783 3805 842 3861 Filii
855 3811 882 3861 et
895 3804 1014 3877 Spiritus
1026 3807 1127 3863 Sancti.
1150 3808 1246 3863 Amen.
1261 3807 1421 3864 ·liituale
1434 3808 1493 3864 Aa·

181 3887 366 3950 gusianum
381 3878 461 3938 1587.
491 3879 648 3942 blisereatur
665 3888 704 3944 tui
723 3890 895 3963 omnipotens
910 3890 983 3949 Deus
1001 3899 1029 3947 et
1040 3890 1158 3947 dimissis
1173 3889 1493 3966 onrnibuspecentistnis

181 3964 315 4035 perducat
336 3971 364 4020 te
388 3964 447 4020 sine
466 3965 568 4021 macula
589 3973 766 4041 congaudio
785 3974 812 4030 in
827 3975 910 4030 vitam
924 3982 1071 4032 aeternam.
1095 3973 1192 4031 Amen.
1228 3974 1430 4046 indulgentiam
1443 3982 1491 4033 sta

180 4047 285 4103 Deinde
301 4064 380 4104 mann
401 4064 484 4120 super
502 4056 584 4121 caput
602 4055 756 4113 oontltentis
766 4058 869 4131 posita:
888 4060 1017 4117 Dominus
1031 4068 1127 4117 noster
1141 4060 1162 4116 l.
1175 4059 1206 4120 (l.
1221 4065 1249 4115 ts
1263 4060 1492 4131 insalutatam

181 4131 296 4188 absoluo
311 4139 339 4188 ts
354 4151 368 4188 s
385 4133 492 4189 vinculo
509 4137 793 4198 excommunicationis
804 4144 916 4200 ainosis
931 4151 959 4200 ct
974 4145 1122 4218 speccatis
1135 4145 1190 4201 tuis
1204 4143 1356 4201 innomine
1367 4144 1455 4203 lauis
1467 4148 1493 4199 st

180 4213 243 4269 Filii
255 4223 283 4271 et
294 4217 409 4289 Spiritus
420 4216 522 4277 Senem
550 4219 702 4278 Removens
718 4240 821 4282 menum
831 4227 883 4283 ists
893 4228 1052 4301 subiungat:
1067 4229 1162 4287 Passio
1174 4235 1228 4286 ete.
1248 4229 1292 4286 Aa
1305 4229 1416 4287 demun
1429 4244 1493 4286 cos-

181 4297 317 4354 cludendo
332 4300 404 4357 dieat
418 4301 501 4359 latine
512 4303 556 4359 vel
571 4306 745 4374 germanice:
766 4306 837 4362 Ecce
847 4308 901 4364 iam
915 4328 996 4370 sanus
1011 4315 1097 4371 laetus
1108 4331 1154 4385 es,
1167 4314 1225 4371 noli
1235 4313 1352 4387 amplius
1368 4328 1492 4390 peceare,

181 4395 216 4436 ne
229 4382 278 4437 tibi
293 4382 395 4454 aliquid
408 4384 529 4442 deterius
544 4389 696 4460 contingat.
719 4389 797 4445 Vade
811 4392 839 4448 in
853 4407 935 4464 pace.

241 4462 273 4538 2)
286 4464 360 4521 llaec
373 4469 458 4523 verba
471 4484 538 4525 aere
549 4479 613 4528 sunt
626 4472 661 4528 de
673 4473 837 4530 necessitate
853 4483 881 4532 et
891 4479 1010 4537 essentis
1022 4480 1200 4551 sacramenti,
1214 4497 1266 4538 nac
1278 4496 1399 4555 napum
1410 4477 1493 4539 omitti

182 4554 306 4618 possunt,
321 4555 350 4604 et
360 4549 386 4605 si
396 4551 585 4610 omitterentur
599 4556 798 4615 Sacramentum
813 4558 1001 4636 imperiectuns
1016 4572 1091 4624 essct
1100 4572 1182 4640 atque
1195 4564 1354 4625 inmlidnrs.
