<?xml version="1.0" encoding="UTF-8"?>
<!DOCTYPE html PUBLIC "-//W3C//DTD XHTML 1.0 Transitional//EN"
    "http://www.w3.org/TR/xhtml1/DTD/xhtml1-transitional.dtd">
<html xmlns="http://www.w3.org/1999/xhtml" xml:lang="en" lang="en">
 <head>
  <title>
</title>
<meta http-equiv="Content-Type" content="text/html;charset=utf-8" />
  <meta name='ocr-system' content='tesseract 3.04.00' />
  <meta name='ocr-capabilities' content='ocr_page ocr_carea ocr_par ocr_line ocrx_word'/>
</head>
<body>
  <div class='ocr_page' id='page_1' title='image "./codexliturgicus03danigoog_0432.png"; bbox 0 0 3046 4942; ppageno 0'>
   <div class='ocr_carea' id='block_1_1' title="bbox 649 350 776 423">
    <p class='ocr_par' dir='ltr' id='par_1_1' title="bbox 649 350 776 423">
     <span class='ocr_line' id='line_1_1' title="bbox 649 350 776 423; baseline -0.031 -1"><span class='ocrx_word' id='word_1_1' title='bbox 649 350 723 423; x_wconf 81' lang='lat'>411</span> <span class='ocrx_word' id='word_1_2' title='bbox 767 368 776 379; x_wconf 86' lang='lat'><strong>·</strong></span> 
     </span>
    </p>
   </div>
   <div class='ocr_carea' id='block_1_2' title="bbox 34 541 1347 1431">
    <p class='ocr_par' dir='ltr' id='par_1_2' title="bbox 34 541 1347 1431">
     <span class='ocr_line' id='line_1_2' title="bbox 34 541 1344 627; baseline 0.002 -17"><span class='ocrx_word' id='word_1_3' title='bbox 34 544 127 610; x_wconf 83' lang='lat' dir='ltr'>tertio</span> <span class='ocrx_word' id='word_1_4' title='bbox 145 544 222 608; x_wconf 89' lang='lat' dir='ltr'>dicto</span> <span class='ocrx_word' id='word_1_5' title='bbox 243 542 350 607; x_wconf 86' lang='lat' dir='ltr'>lobium</span> <span class='ocrx_word' id='word_1_6' title='bbox 371 543 517 627; x_wconf 78' lang='lat' dir='ltr'><strong>ampullae</strong></span> <span class='ocrx_word' id='word_1_7' title='bbox 538 553 714 606; x_wconf 83' lang='lat' dir='ltr'>reverenter</span> <span class='ocrx_word' id='word_1_8' title='bbox 724 543 896 607; x_wconf 86' lang='lat' dir='ltr'>osculantur</span> <span class='ocrx_word' id='word_1_9' title='bbox 909 551 941 606; x_wconf 88' lang='lat' dir='ltr'>et</span> <span class='ocrx_word' id='word_1_10' title='bbox 951 541 988 605; x_wconf 86' lang='lat' dir='ltr'>ad</span> <span class='ocrx_word' id='word_1_11' title='bbox 1000 559 1053 605; x_wconf 85' lang='lat' dir='ltr'>sua</span> <span class='ocrx_word' id='word_1_12' title='bbox 1066 541 1133 605; x_wconf 82' lang='lat' dir='ltr'>loca</span> <span class='ocrx_word' id='word_1_13' title='bbox 1147 556 1344 613; x_wconf 85' lang='lat' dir='ltr'>revertuntur.</span> 
     </span>
     <span class='ocr_line' id='line_1_3' title="bbox 35 643 1345 731; baseline 0.002 -19"><span class='ocrx_word' id='word_1_14' title='bbox 35 649 103 726; x_wconf 80' lang='lat' dir='ltr'>ouo</span> <span class='ocrx_word' id='word_1_15' title='bbox 122 658 242 731; x_wconf 85' lang='lat' dir='ltr'>peracto</span> <span class='ocrx_word' id='word_1_16' title='bbox 257 647 384 730; x_wconf 85' lang='lat' dir='ltr'>ampulla</span> <span class='ocrx_word' id='word_1_17' title='bbox 397 649 427 708; x_wconf 91' lang='lat' dir='ltr'>iu</span> <span class='ocrx_word' id='word_1_18' title='bbox 441 645 607 710; x_wconf 89' lang='lat' dir='ltr'>uuo-latere</span> <span class='ocrx_word' id='word_1_19' title='bbox 621 665 741 709; x_wconf 87' lang='lat' dir='ltr'>mensae</span> <span class='ocrx_word' id='word_1_20' title='bbox 755 647 928 710; x_wconf 88' lang='lat' dir='ltr'>collocatur.</span> <span class='ocrx_word' id='word_1_21' title='bbox 962 643 1000 708; x_wconf 86' lang='lat' dir='ltr'>lit</span> <span class='ocrx_word' id='word_1_22' title='bbox 1018 663 1087 708; x_wconf 84' lang='lat' dir='ltr'>mox</span> <span class='ocrx_word' id='word_1_23' title='bbox 1100 644 1247 710; x_wconf 86' lang='lat' dir='ltr'>Diaconos</span> <span class='ocrx_word' id='word_1_24' title='bbox 1260 650 1345 714; x_wconf 84' lang='lat' dir='ltr'>allam</span> 
     </span>
     <span class='ocr_line' id='line_1_4' title="bbox 34 743 1345 834; baseline 0.002 -20"><span class='ocrx_word' id='word_1_25' title='bbox 34 752 190 834; x_wconf 84' lang='lat' dir='ltr'>ampullam</span> <span class='ocrx_word' id='word_1_26' title='bbox 210 769 263 813; x_wconf 82' lang='lat' dir='ltr'>aua</span> <span class='ocrx_word' id='word_1_27' title='bbox 282 759 368 811; x_wconf 80' lang='lat' dir='ltr'>vecte</span> <span class='ocrx_word' id='word_1_28' title='bbox 389 743 561 831; x_wconf 80' lang='lat' dir='ltr'>coopertam</span> <span class='ocrx_word' id='word_1_29' title='bbox 581 768 645 812; x_wconf 90' lang='lat' dir='ltr'>curu</span> <span class='ocrx_word' id='word_1_30' title='bbox 665 750 734 812; x_wconf 91' lang='lat' dir='ltr'>oleo</span> <span class='ocrx_word' id='word_1_31' title='bbox 748 748 1029 812; x_wconf 81' lang='lat' dir='ltr'>Gatecbumeuoruln</span> <span class='ocrx_word' id='word_1_32' title='bbox 1051 749 1151 810; x_wconf 84' lang='lat' dir='ltr'>icrens</span> <span class='ocrx_word' id='word_1_33' title='bbox 1173 751 1287 814; x_wconf 87' lang='lat' dir='ltr'>accedit</span> <span class='ocrx_word' id='word_1_34' title='bbox 1308 754 1345 816; x_wconf 84' lang='lat' dir='ltr'>ad</span> 
     </span>
     <span class='ocr_line' id='line_1_5' title="bbox 34 850 1347 938; baseline 0.002 -22"><span class='ocrx_word' id='word_1_35' title='bbox 34 856 233 935; x_wconf 86' lang='lat' dir='ltr'>praesentiam</span> <span class='ocrx_word' id='word_1_36' title='bbox 252 851 400 933; x_wconf 83' lang='lat' dir='ltr'>pontilicis</span> <span class='ocrx_word' id='word_1_37' title='bbox 419 861 451 915; x_wconf 88' lang='lat' dir='ltr'>et</span> <span class='ocrx_word' id='word_1_38' title='bbox 468 851 623 933; x_wconf 85' lang='lat' dir='ltr'>ampullam</span> <span class='ocrx_word' id='word_1_39' title='bbox 644 854 736 935; x_wconf 87' lang='lat' dir='ltr'>ipsam</span> <span class='ocrx_word' id='word_1_40' title='bbox 758 855 823 916; x_wconf 79' lang='lat' dir='ltr'>sine</span> <span class='ocrx_word' id='word_1_41' title='bbox 845 851 995 935; x_wconf 80' lang='lat' dir='ltr'>mappula,</span> <span class='ocrx_word' id='word_1_42' title='bbox 1016 868 1101 932; x_wconf 84' lang='lat' dir='ltr'>qaam</span> <span class='ocrx_word' id='word_1_43' title='bbox 1113 850 1263 916; x_wconf 77' lang='lat' dir='ltr'>Diuoouus&#39;</span> <span class='ocrx_word' id='word_1_44' title='bbox 1280 856 1347 938; x_wconf 81' lang='lat' dir='ltr'>ipae</span> 
     </span>
     <span class='ocr_line' id='line_1_6' title="bbox 36 954 1347 1037; baseline 0.002 -19"><span class='ocrx_word' id='word_1_45' title='bbox 36 958 115 1019; x_wconf 90' lang='lat' dir='ltr'>circu</span> <span class='ocrx_word' id='word_1_46' title='bbox 137 956 246 1018; x_wconf 92' lang='lat' dir='ltr'>collum</span> <span class='ocrx_word' id='word_1_47' title='bbox 262 956 380 1032; x_wconf 87' lang='lat' dir='ltr'>retinet,</span> <span class='ocrx_word' id='word_1_48' title='bbox 394 954 483 1016; x_wconf 85' lang='lat' dir='ltr'>trudit</span> <span class='ocrx_word' id='word_1_49' title='bbox 492 954 709 1017; x_wconf 87' lang='lat' dir='ltr'>llrcbidiacouo</span> <span class='ocrx_word' id='word_1_50' title='bbox 723 957 772 1036; x_wconf 89' lang='lat' dir='ltr'>qui</span> <span class='ocrx_word' id='word_1_51' title='bbox 786 956 864 1017; x_wconf 90' lang='lat' dir='ltr'>illam</span> <span class='ocrx_word' id='word_1_52' title='bbox 878 956 1043 1037; x_wconf 84' lang='lat' dir='ltr'>suscipiens</span> <span class='ocrx_word' id='word_1_53' title='bbox 1058 954 1261 1017; x_wconf 73' lang='lat' dir='ltr'>sumostendit</span> <span class='ocrx_word' id='word_1_54' title='bbox 1271 957 1347 1020; x_wconf 85' lang='lat' dir='ltr'>Pon·</span> 
     </span>
     <span class='ocr_line' id='line_1_7' title="bbox 35 1057 1347 1141; baseline 0 -20"><span class='ocrx_word' id='word_1_55' title='bbox 35 1060 108 1121; x_wconf 88' lang='lat' dir='ltr'>tilici</span> <span class='ocrx_word' id='word_1_56' title='bbox 123 1067 153 1120; x_wconf 92' lang='lat' dir='ltr'>et</span> <span class='ocrx_word' id='word_1_57' title='bbox 167 1059 294 1120; x_wconf 90' lang='lat' dir='ltr'>collocat</span> <span class='ocrx_word' id='word_1_58' title='bbox 308 1075 398 1139; x_wconf 88' lang='lat' dir='ltr'>super</span> <span class='ocrx_word' id='word_1_59' title='bbox 411 1075 539 1120; x_wconf 82' lang='lat' dir='ltr'>mensam</span> <span class='ocrx_word' id='word_1_60' title='bbox 551 1059 582 1119; x_wconf 92' lang='lat' dir='ltr'>iu</span> <span class='ocrx_word' id='word_1_61' title='bbox 595 1057 692 1120; x_wconf 87' lang='lat' dir='ltr'>medio</span> <span class='ocrx_word' id='word_1_62' title='bbox 702 1059 968 1137; x_wconf 66' lang='lat' dir='ltr'>aute-Pomidm,</span> <span class='ocrx_word' id='word_1_63' title='bbox 991 1075 1083 1138; x_wconf 85' lang='lat' dir='ltr'>super</span> <span class='ocrx_word' id='word_1_64' title='bbox 1097 1075 1183 1138; x_wconf 87' lang='lat' dir='ltr'>quem</span> <span class='ocrx_word' id='word_1_65' title='bbox 1191 1059 1347 1141; x_wconf 75' lang='lat' dir='ltr'><strong>ampullam</strong></span> 
     </span>
     <span class='ocr_line' id='line_1_8' title="bbox 35 1158 1346 1245; baseline 0.001 -22"><span class='ocrx_word' id='word_1_66' title='bbox 35 1162 132 1225; x_wconf 82' lang='lat' dir='ltr'>rtatim</span> <span class='ocrx_word' id='word_1_67' title='bbox 154 1168 210 1222; x_wconf 87' lang='lat' dir='ltr'>tarn</span> <span class='ocrx_word' id='word_1_68' title='bbox 230 1163 293 1242; x_wconf 82' lang='lat' dir='ltr'>ipre</span> <span class='ocrx_word' id='word_1_69' title='bbox 309 1158 447 1222; x_wconf 79' lang='lat' dir='ltr'>l&#39;outilex</span> <span class='ocrx_word' id='word_1_70' title='bbox 463 1179 546 1241; x_wconf 84' lang='lat' dir='ltr'>quarn</span> <span class='ocrx_word' id='word_1_71' title='bbox 561 1163 646 1224; x_wconf 84' lang='lat' dir='ltr'>etiam</span> <span class='ocrx_word' id='word_1_72' title='bbox 662 1160 815 1224; x_wconf 78' lang='lat' dir='ltr'><strong>duodecim</strong></span> <span class='ocrx_word' id='word_1_73' title='bbox 829 1161 1000 1239; x_wconf 70' lang='lat' dir='ltr'>Presbyteri</span> <span class='ocrx_word' id='word_1_74' title='bbox 1016 1159 1132 1238; x_wconf 88' lang='lat' dir='ltr'>balant,</span> <span class='ocrx_word' id='word_1_75' title='bbox 1153 1171 1241 1241; x_wconf 91' lang='lat' dir='ltr'>prout</span> <span class='ocrx_word' id='word_1_76' title='bbox 1258 1179 1346 1245; x_wconf 83' lang='lat' dir='ltr'>supra</span> 
     </span>
     <span class='ocr_line' id='line_1_9' title="bbox 35 1262 1345 1344; baseline 0.002 -17"><span class='ocrx_word' id='word_1_77' title='bbox 35 1264 142 1327; x_wconf 86' lang='lat' dir='ltr'>luctum</span> <span class='ocrx_word' id='word_1_78' title='bbox 164 1273 218 1328; x_wconf 85' lang='lat' dir='ltr'>est.</span> <span class='ocrx_word' id='word_1_79' title='bbox 257 1262 323 1338; x_wconf 82' lang='lat' dir='ltr'>Quo</span> <span class='ocrx_word' id='word_1_80' title='bbox 342 1264 419 1325; x_wconf 89' lang='lat' dir='ltr'>iacto</span> <span class='ocrx_word' id='word_1_81' title='bbox 436 1262 575 1326; x_wconf 83' lang='lat' dir='ltr'>l&#39;ontiiex</span> <span class='ocrx_word' id='word_1_82' title='bbox 588 1282 715 1342; x_wconf 77' lang='lat' dir='ltr'>surgens</span> <span class='ocrx_word' id='word_1_83' title='bbox 730 1283 794 1326; x_wconf 86' lang='lat' dir='ltr'>cum</span> <span class='ocrx_word' id='word_1_84' title='bbox 808 1266 892 1327; x_wconf 87' lang='lat' dir='ltr'>mitra</span> <span class='ocrx_word' id='word_1_85' title='bbox 905 1264 1049 1326; x_wconf 85' lang='lat' dir='ltr'>submissa</span> <span class='ocrx_word' id='word_1_86' title='bbox 1062 1281 1139 1327; x_wconf 88' lang='lat' dir='ltr'>voce</span> <span class='ocrx_word' id='word_1_87' title='bbox 1151 1263 1281 1344; x_wconf 82' lang='lat' dir='ltr'>legendo</span> <span class='ocrx_word' id='word_1_88' title='bbox 1296 1263 1345 1343; x_wconf 85' lang='lat' dir='ltr'>ab·</span> 
     </span>
     <span class='ocr_line' id='line_1_10' title="bbox 36 1364 808 1431; baseline 0.001 -4"><span class='ocrx_word' id='word_1_89' title='bbox 36 1367 132 1431; x_wconf 85' lang='lat' dir='ltr'>solute</span> <span class='ocrx_word' id='word_1_90' title='bbox 147 1366 340 1429; x_wconf 77' lang='lat' dir='ltr'><strong>exorcismum</strong></span> <span class='ocrx_word' id='word_1_91' title='bbox 355 1364 415 1427; x_wconf 87' lang='lat' dir='ltr'>olei</span> <span class='ocrx_word' id='word_1_92' title='bbox 430 1364 808 1430; x_wconf 58' lang='lat' dir='ltr'>catechumenorum-dicit:</span> 
     </span>
    </p>
   </div>
   <div class='ocr_carea' id='block_1_3' title="bbox 285 1490 1091 1566">
    <p class='ocr_par' dir='ltr' id='par_1_3' title="bbox 285 1490 1091 1566">
     <span class='ocr_line' id='line_1_11' title="bbox 285 1490 1091 1566; baseline 0.004 -5"><span class='ocrx_word' id='word_1_93' title='bbox 285 1490 534 1566; x_wconf 73' lang='lat' dir='ltr'>Benedictio</span> <span class='ocrx_word' id='word_1_94' title='bbox 562 1493 649 1566; x_wconf 88' lang='lat' dir='ltr'>olei</span> <span class='ocrx_word' id='word_1_95' title='bbox 677 1490 1091 1565; x_wconf 82' lang='lat' dir='ltr'>Outechumenorum.</span> 
     </span>
    </p>
   </div>
   <div class='ocr_carea' id='block_1_4' title="bbox 25 1608 1348 4058">
    <p class='ocr_par' dir='ltr' id='par_1_4' title="bbox 25 1608 1348 2723">
     <span class='ocr_line' id='line_1_12' title="bbox 135 1608 1346 1709; baseline 0.005 -29"><span class='ocrx_word' id='word_1_96' title='bbox 135 1608 309 1685; x_wconf 83' lang='lat' dir='ltr'>Exorciuo</span> <span class='ocrx_word' id='word_1_97' title='bbox 338 1620 373 1681; x_wconf 90' lang='lat' dir='ltr'>te</span> <span class='ocrx_word' id='word_1_98' title='bbox 403 1622 559 1685; x_wconf 87' lang='lat' dir='ltr'>creatura</span> <span class='ocrx_word' id='word_1_99' title='bbox 582 1610 661 1683; x_wconf 93' lang='lat' dir='ltr'>olei.</span> <span class='ocrx_word' id='word_1_100' title='bbox 705 1608 745 1682; x_wconf 94' lang='lat' dir='ltr'>ln</span> <span class='ocrx_word' id='word_1_101' title='bbox 770 1613 907 1682; x_wconf 93' lang='lat' dir='ltr'>nomine</span> <span class='ocrx_word' id='word_1_102' title='bbox 927 1609 995 1683; x_wconf 89' lang='lat' dir='ltr'>Dei</span> <span class='ocrx_word' id='word_1_103' title='bbox 1015 1608 1170 1700; x_wconf 65' lang='lat' dir='ltr'>Pabtris</span> <span class='ocrx_word' id='word_1_104' title='bbox 1193 1615 1346 1709; x_wconf 91' lang='lat' dir='ltr'>omnipo-</span> 
     </span>
     <span class='ocr_line' id='line_1_13' title="bbox 33 1708 1347 1808; baseline 0.001 -25"><span class='ocrx_word' id='word_1_105' title='bbox 33 1715 135 1786; x_wconf 89' lang='lat' dir='ltr'>tentis</span> <span class='ocrx_word' id='word_1_106' title='bbox 166 1714 200 1784; x_wconf 81' lang='lat' dir='ltr'>e&#39;t</span> <span class='ocrx_word' id='word_1_107' title='bbox 227 1716 260 1784; x_wconf 94' lang='lat' dir='ltr'>in</span> <span class='ocrx_word' id='word_1_108' title='bbox 282 1715 419 1785; x_wconf 90' lang='lat' dir='ltr'>nomine</span> <span class='ocrx_word' id='word_1_109' title='bbox 439 1711 520 1786; x_wconf 88' lang='lat' dir='ltr'>lesu</span> <span class='ocrx_word' id='word_1_110' title='bbox 543 1710 574 1804; x_wconf 71' lang='lat'>&#39;5</span> <span class='ocrx_word' id='word_1_111' title='bbox 600 1711 725 1786; x_wconf 82' lang='lat' dir='ltr'>Christi</span> <span class='ocrx_word' id='word_1_112' title='bbox 751 1722 785 1783; x_wconf 92' lang='lat' dir='ltr'>et</span> <span class='ocrx_word' id='word_1_113' title='bbox 806 1710 952 1808; x_wconf 79' lang='lat' dir='ltr'>Spiritus</span> <span class='ocrx_word' id='word_1_114' title='bbox 975 1708 1006 1800; x_wconf 67' lang='lat' dir='ltr'>b</span> <span class='ocrx_word' id='word_1_115' title='bbox 1028 1711 1144 1785; x_wconf 81' lang='lat' dir='ltr'>Sancti</span> <span class='ocrx_word' id='word_1_116' title='bbox 1165 1723 1203 1784; x_wconf 90' lang='lat' dir='ltr'>ut</span> <span class='ocrx_word' id='word_1_117' title='bbox 1227 1717 1263 1785; x_wconf 93' lang='lat' dir='ltr'>iu</span> <span class='ocrx_word' id='word_1_118' title='bbox 1282 1715 1347 1784; x_wconf 92' lang='lat' dir='ltr'>bac</span> 
     </span>
     <span class='ocr_line' id='line_1_14' title="bbox 32 1813 1347 1910; baseline 0.002 -26"><span class='ocrx_word' id='word_1_119' title='bbox 32 1815 253 1888; x_wconf 90' lang='lat' dir='ltr'>invocatione</span> <span class='ocrx_word' id='word_1_120' title='bbox 273 1813 467 1887; x_wconf 83' lang='lat' dir='ltr'>individuae</span> <span class='ocrx_word' id='word_1_121' title='bbox 485 1814 661 1889; x_wconf 80' lang='lat' dir='ltr'>Trinitatis</span> <span class='ocrx_word' id='word_1_122' title='bbox 681 1825 782 1910; x_wconf 89' lang='lat' dir='ltr'>atque</span> <span class='ocrx_word' id='word_1_123' title='bbox 801 1818 901 1887; x_wconf 90' lang='lat' dir='ltr'>unius</span> <span class='ocrx_word' id='word_1_124' title='bbox 920 1817 1046 1886; x_wconf 90' lang='lat' dir='ltr'>virtute</span> <span class='ocrx_word' id='word_1_125' title='bbox 1069 1814 1215 1903; x_wconf 74' lang='lat' dir='ltr'>deitatis,</span> <span class='ocrx_word' id='word_1_126' title='bbox 1237 1817 1347 1888; x_wconf 90' lang='lat' dir='ltr'>omnis</span> 
     </span>
     <span class='ocr_line' id='line_1_15' title="bbox 29 1916 1347 2012; baseline -0.002 -23"><span class='ocrx_word' id='word_1_127' title='bbox 29 1919 240 2012; x_wconf 88' lang='lat' dir='ltr'>nequissima</span> <span class='ocrx_word' id='word_1_128' title='bbox 263 1920 373 1989; x_wconf 90' lang='lat' dir='ltr'>virtus</span> <span class='ocrx_word' id='word_1_129' title='bbox 399 1917 589 2001; x_wconf 85' lang='lat' dir='ltr'>adversarii</span> <span class='ocrx_word' id='word_1_130' title='bbox 613 1920 721 2005; x_wconf 89' lang='lat' dir='ltr'>omnis</span> <span class='ocrx_word' id='word_1_131' title='bbox 742 1920 932 1990; x_wconf 90' lang='lat' dir='ltr'>inveterata</span> <span class='ocrx_word' id='word_1_132' title='bbox 958 1917 1084 1988; x_wconf 91' lang='lat' dir='ltr'>malitia</span> <span class='ocrx_word' id='word_1_133' title='bbox 1108 1916 1252 2006; x_wconf 78' lang='lat' dir='ltr'>diaboli,</span> <span class='ocrx_word' id='word_1_134' title='bbox 1275 1938 1347 1988; x_wconf 92' lang='lat' dir='ltr'>om-</span> 
     </span>
     <span class='ocr_line' id='line_1_16' title="bbox 27 2018 1348 2114; baseline 0 -24"><span class='ocrx_word' id='word_1_135' title='bbox 27 2023 86 2092; x_wconf 92' lang='lat' dir='ltr'>nis</span> <span class='ocrx_word' id='word_1_136' title='bbox 110 2019 261 2103; x_wconf 79' lang='lat' dir='ltr'>violenta</span> <span class='ocrx_word' id='word_1_137' title='bbox 282 2020 446 2109; x_wconf 71' lang='lat' dir='ltr'>incursio,</span> <span class='ocrx_word' id='word_1_138' title='bbox 469 2041 569 2093; x_wconf 91' lang='lat' dir='ltr'>omne</span> <span class='ocrx_word' id='word_1_139' title='bbox 596 2019 773 2093; x_wconf 85' lang='lat' dir='ltr'>confusum</span> <span class='ocrx_word' id='word_1_140' title='bbox 801 2029 835 2091; x_wconf 92' lang='lat' dir='ltr'>et</span> <span class='ocrx_word' id='word_1_141' title='bbox 861 2037 991 2090; x_wconf 92' lang='lat' dir='ltr'>merum</span> <span class='ocrx_word' id='word_1_142' title='bbox 1017 2018 1214 2114; x_wconf 85' lang='lat' dir='ltr'>phantasma</span> <span class='ocrx_word' id='word_1_143' title='bbox 1236 2019 1348 2091; x_wconf 91' lang='lat' dir='ltr'>erudi·</span> 
     </span>
     <span class='ocr_line' id='line_1_17' title="bbox 25 2118 1346 2218; baseline -0.001 -25"><span class='ocrx_word' id='word_1_144' title='bbox 25 2129 134 2193; x_wconf 88' lang='lat' dir='ltr'>cetur</span> <span class='ocrx_word' id='word_1_145' title='bbox 161 2130 195 2192; x_wconf 85' lang='lat' dir='ltr'>et</span> <span class='ocrx_word' id='word_1_146' title='bbox 221 2120 389 2216; x_wconf 83' lang='lat' dir='ltr'>effugetur</span> <span class='ocrx_word' id='word_1_147' title='bbox 411 2133 446 2194; x_wconf 91' lang='lat' dir='ltr'>et</span> <span class='ocrx_word' id='word_1_148' title='bbox 473 2121 627 2197; x_wconf 88' lang='lat' dir='ltr'>discedat</span> <span class='ocrx_word' id='word_1_149' title='bbox 652 2145 671 2194; x_wconf 91' lang='lat' dir='ltr'>a</span> <span class='ocrx_word' id='word_1_150' title='bbox 694 2132 748 2211; x_wconf 72' lang='lat' dir='ltr'>te,</span> <span class='ocrx_word' id='word_1_151' title='bbox 780 2132 817 2195; x_wconf 93' lang='lat' dir='ltr'>ut</span> <span class='ocrx_word' id='word_1_152' title='bbox 840 2121 962 2194; x_wconf 92' lang='lat' dir='ltr'>divinis</span> <span class='ocrx_word' id='word_1_153' title='bbox 984 2125 1207 2195; x_wconf 87' lang='lat' dir='ltr'>sacramentis</span> <span class='ocrx_word' id='word_1_154' title='bbox 1232 2118 1346 2218; x_wconf 86' lang='lat' dir='ltr'>purili-</span> 
     </span>
     <span class='ocr_line' id='line_1_18' title="bbox 26 2221 1347 2321; baseline 0 -26"><span class='ocrx_word' id='word_1_155' title='bbox 26 2231 111 2295; x_wconf 91' lang='lat' dir='ltr'>cata</span> <span class='ocrx_word' id='word_1_156' title='bbox 136 2221 197 2295; x_wconf 92' lang='lat' dir='ltr'>lias</span> <span class='ocrx_word' id='word_1_157' title='bbox 223 2225 258 2294; x_wconf 93' lang='lat' dir='ltr'>in</span> <span class='ocrx_word' id='word_1_158' title='bbox 284 2222 503 2319; x_wconf 91' lang='lat' dir='ltr'>adoptionem</span> <span class='ocrx_word' id='word_1_159' title='bbox 525 2229 637 2298; x_wconf 88' lang='lat' dir='ltr'>carnis</span> <span class='ocrx_word' id='word_1_160' title='bbox 661 2235 694 2298; x_wconf 90' lang='lat' dir='ltr'>et</span> <span class='ocrx_word' id='word_1_161' title='bbox 720 2228 856 2321; x_wconf 88' lang='lat' dir='ltr'>spiritus</span> <span class='ocrx_word' id='word_1_162' title='bbox 884 2227 954 2312; x_wconf 79' lang='lat' dir='ltr'>eis,</span> <span class='ocrx_word' id='word_1_163' title='bbox 984 2225 1047 2321; x_wconf 90' lang='lat' dir='ltr'>qui</span> <span class='ocrx_word' id='word_1_164' title='bbox 1068 2247 1115 2297; x_wconf 87' lang='lat' dir='ltr'>ex</span> <span class='ocrx_word' id='word_1_165' title='bbox 1134 2234 1175 2297; x_wconf 89' lang='lat' dir='ltr'>to</span> <span class='ocrx_word' id='word_1_166' title='bbox 1195 2222 1347 2320; x_wconf 88' lang='lat' dir='ltr'>ungendi</span> 
     </span>
     <span class='ocr_line' id='line_1_19' title="bbox 26 2322 1346 2423; baseline 0 -25"><span class='ocrx_word' id='word_1_167' title='bbox 26 2327 167 2398; x_wconf 86' lang='lat' dir='ltr'>sunt-in</span> <span class='ocrx_word' id='word_1_168' title='bbox 187 2328 422 2400; x_wconf 84' lang='lat' dir='ltr'>remissionem</span> <span class='ocrx_word' id='word_1_169' title='bbox 444 2331 592 2403; x_wconf 93' lang='lat' dir='ltr'>omnium</span> <span class='ocrx_word' id='word_1_170' title='bbox 609 2339 842 2423; x_wconf 76' lang='lat' dir='ltr'>peccatorum,</span> <span class='ocrx_word' id='word_1_171' title='bbox 860 2336 897 2398; x_wconf 93' lang='lat' dir='ltr'>ut</span> <span class='ocrx_word' id='word_1_172' title='bbox 916 2322 1106 2398; x_wconf 82' lang='lat' dir='ltr'>efficiamur</span> <span class='ocrx_word' id='word_1_173' title='bbox 1128 2348 1247 2398; x_wconf 93' lang='lat' dir='ltr'>eorum</span> <span class='ocrx_word' id='word_1_174' title='bbox 1269 2347 1346 2398; x_wconf 90' lang='lat' dir='ltr'>cor-</span> 
     </span>
     <span class='ocr_line' id='line_1_20' title="bbox 26 2426 1346 2526; baseline -0.002 -27"><span class='ocrx_word' id='word_1_175' title='bbox 26 2449 119 2523; x_wconf 92' lang='lat' dir='ltr'>pora</span> <span class='ocrx_word' id='word_1_176' title='bbox 142 2427 185 2499; x_wconf 92' lang='lat' dir='ltr'>ad</span> <span class='ocrx_word' id='word_1_177' title='bbox 207 2450 340 2500; x_wconf 91' lang='lat' dir='ltr'>omnem</span> <span class='ocrx_word' id='word_1_178' title='bbox 361 2433 505 2521; x_wconf 83' lang='lat' dir='ltr'>gratiam</span> <span class='ocrx_word' id='word_1_179' title='bbox 524 2430 734 2526; x_wconf 89' lang='lat' dir='ltr'>spiritualem</span> <span class='ocrx_word' id='word_1_180' title='bbox 756 2427 988 2523; x_wconf 89' lang='lat' dir='ltr'>accipiendam</span> <span class='ocrx_word' id='word_1_181' title='bbox 1010 2426 1227 2500; x_wconf 85' lang='lat' dir='ltr'>sanctificata.</span> <span class='ocrx_word' id='word_1_182' title='bbox 1278 2427 1346 2498; x_wconf 89' lang='lat' dir='ltr'>Per</span> 
     </span>
     <span class='ocr_line' id='line_1_21' title="bbox 28 2527 1344 2628; baseline -0.002 -28"><span class='ocrx_word' id='word_1_183' title='bbox 28 2527 229 2628; x_wconf 76' lang='lat' dir='ltr'>eundeml)</span> <span class='ocrx_word' id='word_1_184' title='bbox 266 2540 382 2603; x_wconf 87' lang='lat' dir='ltr'>Deinde</span> <span class='ocrx_word' id='word_1_185' title='bbox 398 2540 532 2625; x_wconf 81' lang='lat' dir='ltr'>deposita</span> <span class='ocrx_word' id='word_1_186' title='bbox 548 2542 631 2603; x_wconf 87' lang='lat' dir='ltr'>mitra</span> <span class='ocrx_word' id='word_1_187' title='bbox 648 2541 787 2603; x_wconf 81' lang='lat' dir='ltr'>Pontifex</span> <span class='ocrx_word' id='word_1_188' title='bbox 803 2547 884 2600; x_wconf 85' lang='lat' dir='ltr'>stans</span> <span class='ocrx_word' id='word_1_189' title='bbox 898 2537 1048 2600; x_wconf 82' lang='lat' dir='ltr'>benedicit</span> <span class='ocrx_word' id='word_1_190' title='bbox 1064 2536 1172 2599; x_wconf 88' lang='lat' dir='ltr'>dictum</span> <span class='ocrx_word' id='word_1_191' title='bbox 1185 2537 1282 2599; x_wconf 87' lang='lat' dir='ltr'>oleum</span> <span class='ocrx_word' id='word_1_192' title='bbox 1292 2536 1344 2598; x_wconf 77' lang='lat' dir='ltr'>(iu-</span> 
     </span>
     <span class='ocr_line' id='line_1_22' title="bbox 29 2629 1112 2723; baseline 0 -21"><span class='ocrx_word' id='word_1_193' title='bbox 29 2640 274 2704; x_wconf 86' lang='lat' dir='ltr'>tecbumenorum</span> <span class='ocrx_word' id='word_1_194' title='bbox 293 2644 394 2705; x_wconf 89' lang='lat' dir='ltr'>eadem</span> <span class='ocrx_word' id='word_1_195' title='bbox 410 2662 486 2707; x_wconf 88' lang='lat' dir='ltr'>voce</span> <span class='ocrx_word' id='word_1_196' title='bbox 500 2644 616 2706; x_wconf 89' lang='lat' dir='ltr'>diceus:</span> <span class='ocrx_word' id='word_1_197' title='bbox 644 2634 742 2708; x_wconf 89' lang='lat' dir='ltr'>Dom.</span> <span class='ocrx_word' id='word_1_198' title='bbox 766 2631 845 2705; x_wconf 86' lang='lat' dir='ltr'>volt.</span> <span class='ocrx_word' id='word_1_199' title='bbox 889 2637 932 2723; x_wconf 65' lang='lat' dir='ltr'>lb.</span> <span class='ocrx_word' id='word_1_200' title='bbox 960 2629 1112 2702; x_wconf 83' lang='lat' dir='ltr'>Etcum.</span> 
     </span>
    </p>

    <p class='ocr_par' dir='ltr' id='par_1_5' title="bbox 29 2731 1346 4058">
     <span class='ocr_line' id='line_1_23' title="bbox 136 2731 1345 2829; baseline -0.005 -22"><span class='ocrx_word' id='word_1_201' title='bbox 136 2736 280 2809; x_wconf 83' lang='lat' dir='ltr'>Oremcu.</span> <span class='ocrx_word' id='word_1_202' title='bbox 321 2736 417 2810; x_wconf 88' lang='lat' dir='ltr'>Deus</span> <span class='ocrx_word' id='word_1_203' title='bbox 434 2740 721 2809; x_wconf 88' lang='lat' dir='ltr'>incrementorum</span> <span class='ocrx_word' id='word_1_204' title='bbox 740 2738 888 2806; x_wconf 91' lang='lat' dir='ltr'>omnium</span> <span class='ocrx_word' id='word_1_205' title='bbox 907 2743 942 2804; x_wconf 93' lang='lat' dir='ltr'>et</span> <span class='ocrx_word' id='word_1_206' title='bbox 957 2731 1173 2829; x_wconf 80' lang='lat' dir='ltr'>profectuum</span> <span class='ocrx_word' id='word_1_207' title='bbox 1189 2733 1345 2826; x_wconf 91' lang='lat' dir='ltr'>spiritua-</span> 
     </span>
     <span class='ocr_line' id='line_1_24' title="bbox 31 2832 1346 2932; baseline -0.002 -24"><span class='ocrx_word' id='word_1_208' title='bbox 31 2837 114 2909; x_wconf 90' lang='lat' dir='ltr'>lium</span> <span class='ocrx_word' id='word_1_209' title='bbox 147 2848 384 2911; x_wconf 89' lang='lat' dir='ltr'>remunerator</span> <span class='ocrx_word' id='word_1_210' title='bbox 415 2840 473 2932; x_wconf 88' lang='lat' dir='ltr'>qui</span> <span class='ocrx_word' id='word_1_211' title='bbox 498 2840 624 2909; x_wconf 88' lang='lat' dir='ltr'>virtute</span> <span class='ocrx_word' id='word_1_212' title='bbox 656 2834 774 2911; x_wconf 89' lang='lat' dir='ltr'>Sancti</span> <span class='ocrx_word' id='word_1_213' title='bbox 805 2832 950 2930; x_wconf 88' lang='lat' dir='ltr'>Spiritus</span> <span class='ocrx_word' id='word_1_214' title='bbox 983 2834 1229 2906; x_wconf 88' lang='lat' dir='ltr'>imbecillarum</span> <span class='ocrx_word' id='word_1_215' title='bbox 1252 2854 1346 2906; x_wconf 89' lang='lat' dir='ltr'>men-</span> 
     </span>
     <span class='ocr_line' id='line_1_25' title="bbox 31 2936 1345 3029; baseline -0.002 -18"><span class='ocrx_word' id='word_1_216' title='bbox 31 2943 116 3011; x_wconf 88' lang='lat' dir='ltr'>tium</span> <span class='ocrx_word' id='word_1_217' title='bbox 138 2938 327 3008; x_wconf 90' lang='lat' dir='ltr'>rudimenta</span> <span class='ocrx_word' id='word_1_218' title='bbox 350 2938 542 3028; x_wconf 79' lang='lat' dir='ltr'>confirmas,</span> <span class='ocrx_word' id='word_1_219' title='bbox 564 2950 598 3010; x_wconf 90' lang='lat' dir='ltr'>te</span> <span class='ocrx_word' id='word_1_220' title='bbox 622 2961 759 3011; x_wconf 88' lang='lat' dir='ltr'>oramus</span> <span class='ocrx_word' id='word_1_221' title='bbox 780 2937 926 3008; x_wconf 90' lang='lat' dir='ltr'>Domine</span> <span class='ocrx_word' id='word_1_222' title='bbox 948 2947 986 3008; x_wconf 92' lang='lat' dir='ltr'>ut</span> <span class='ocrx_word' id='word_1_223' title='bbox 1012 2941 1167 3009; x_wconf 89' lang='lat' dir='ltr'>emittere</span> <span class='ocrx_word' id='word_1_224' title='bbox 1194 2936 1345 3029; x_wconf 89' lang='lat' dir='ltr'>digneris</span> 
     </span>
     <span class='ocr_line' id='line_1_26' title="bbox 29 3037 1346 3134; baseline -0.001 -21"><span class='ocrx_word' id='word_1_225' title='bbox 29 3051 127 3113; x_wconf 86' lang='lat' dir='ltr'>tuam</span> <span class='ocrx_word' id='word_1_226' title='bbox 151 3037 473 3130; x_wconf 82' lang='lat' dir='ltr'>bene†dictionem</span> <span class='ocrx_word' id='word_1_227' title='bbox 495 3061 600 3134; x_wconf 89' lang='lat' dir='ltr'>super</span> <span class='ocrx_word' id='word_1_228' title='bbox 622 3039 689 3113; x_wconf 91' lang='lat' dir='ltr'>boc</span> <span class='ocrx_word' id='word_1_229' title='bbox 712 3041 826 3113; x_wconf 91' lang='lat' dir='ltr'>oleum</span> <span class='ocrx_word' id='word_1_230' title='bbox 847 3049 881 3111; x_wconf 91' lang='lat' dir='ltr'>et</span> <span class='ocrx_word' id='word_1_231' title='bbox 903 3042 1057 3113; x_wconf 87' lang='lat' dir='ltr'>venturis</span> <span class='ocrx_word' id='word_1_232' title='bbox 1083 3040 1127 3111; x_wconf 93' lang='lat' dir='ltr'>ad</span> <span class='ocrx_word' id='word_1_233' title='bbox 1146 3039 1269 3111; x_wconf 89' lang='lat' dir='ltr'>beatae</span> <span class='ocrx_word' id='word_1_234' title='bbox 1290 3061 1346 3112; x_wconf 86' lang='lat' dir='ltr'>re-</span> 
     </span>
     <span class='ocr_line' id='line_1_27' title="bbox 31 3138 1345 3237; baseline -0.002 -23"><span class='ocrx_word' id='word_1_235' title='bbox 31 3141 266 3237; x_wconf 84' lang='lat' dir='ltr'>generationis</span> <span class='ocrx_word' id='word_1_236' title='bbox 297 3139 473 3210; x_wconf 89' lang='lat' dir='ltr'>lavacrum</span> <span class='ocrx_word' id='word_1_237' title='bbox 491 3139 620 3213; x_wconf 89' lang='lat' dir='ltr'>tribuas</span> <span class='ocrx_word' id='word_1_238' title='bbox 644 3164 708 3236; x_wconf 93' lang='lat' dir='ltr'>per</span> <span class='ocrx_word' id='word_1_239' title='bbox 726 3143 922 3213; x_wconf 89' lang='lat' dir='ltr'>unctionem</span> <span class='ocrx_word' id='word_1_240' title='bbox 943 3138 1043 3213; x_wconf 88' lang='lat' dir='ltr'>buius</span> <span class='ocrx_word' id='word_1_241' title='bbox 1065 3151 1243 3212; x_wconf 89' lang='lat' dir='ltr'>creaturae</span> <span class='ocrx_word' id='word_1_242' title='bbox 1264 3164 1345 3237; x_wconf 89' lang='lat' dir='ltr'>pur·</span> 
     </span>
     <span class='ocr_line' id='line_1_28' title="bbox 32 3241 1345 3338; baseline -0.001 -23"><span class='ocrx_word' id='word_1_243' title='bbox 32 3247 206 3338; x_wconf 87' lang='lat' dir='ltr'>gatiouem</span> <span class='ocrx_word' id='word_1_244' title='bbox 232 3246 354 3315; x_wconf 91' lang='lat' dir='ltr'>mentis</span> <span class='ocrx_word' id='word_1_245' title='bbox 381 3251 416 3314; x_wconf 91' lang='lat' dir='ltr'>et</span> <span class='ocrx_word' id='word_1_246' title='bbox 442 3244 619 3337; x_wconf 72' lang='lat' dir='ltr'>corporis,</span> <span class='ocrx_word' id='word_1_247' title='bbox 644 3253 683 3314; x_wconf 92' lang='lat' dir='ltr'>ut</span> <span class='ocrx_word' id='word_1_248' title='bbox 706 3246 735 3316; x_wconf 92' lang='lat' dir='ltr'>si</span> <span class='ocrx_word' id='word_1_249' title='bbox 762 3263 850 3337; x_wconf 87' lang='lat' dir='ltr'>quae</span> <span class='ocrx_word' id='word_1_250' title='bbox 874 3242 943 3314; x_wconf 91' lang='lat' dir='ltr'>illis</span> <span class='ocrx_word' id='word_1_251' title='bbox 969 3241 1221 3315; x_wconf 88' lang='lat' dir='ltr'>adversantium</span> <span class='ocrx_word' id='word_1_252' title='bbox 1247 3245 1345 3337; x_wconf 83' lang='lat' dir='ltr'>epiri-</span> 
     </span>
     <span class='ocr_line' id='line_1_29' title="bbox 33 3341 1345 3432; baseline -0.003 -12"><span class='ocrx_word' id='word_1_253' title='bbox 33 3358 128 3420; x_wconf 86' lang='lat' dir='ltr'>tuum</span> <span class='ocrx_word' id='word_1_254' title='bbox 159 3345 340 3418; x_wconf 85' lang='lat' dir='ltr'>inhaesere</span> <span class='ocrx_word' id='word_1_255' title='bbox 365 3345 543 3432; x_wconf 71' lang='lat' dir='ltr'>maculae,</span> <span class='ocrx_word' id='word_1_256' title='bbox 570 3342 614 3415; x_wconf 90' lang='lat' dir='ltr'>ad</span> <span class='ocrx_word' id='word_1_257' title='bbox 638 3355 764 3418; x_wconf 89' lang='lat' dir='ltr'>tactum</span> <span class='ocrx_word' id='word_1_258' title='bbox 785 3341 984 3419; x_wconf 84' lang='lat' dir='ltr'>sanctificati</span> <span class='ocrx_word' id='word_1_259' title='bbox 1010 3344 1080 3416; x_wconf 92' lang='lat' dir='ltr'>olei</span> <span class='ocrx_word' id='word_1_260' title='bbox 1100 3345 1199 3418; x_wconf 87' lang='lat' dir='ltr'>buius</span> <span class='ocrx_word' id='word_1_261' title='bbox 1225 3343 1345 3419; x_wconf 86' lang='lat' dir='ltr'>obsce-</span> 
     </span>
     <span class='ocr_line' id='line_1_30' title="bbox 33 3446 1345 3544; baseline -0.002 -23"><span class='ocrx_word' id='word_1_262' title='bbox 33 3449 126 3536; x_wconf 70' lang='lat' dir='ltr'>dam,</span> <span class='ocrx_word' id='word_1_263' title='bbox 145 3448 260 3520; x_wconf 90' lang='lat' dir='ltr'>nullus</span> <span class='ocrx_word' id='word_1_264' title='bbox 282 3447 512 3544; x_wconf 83' lang='lat' dir='ltr'>spiritualibus</span> <span class='ocrx_word' id='word_1_265' title='bbox 532 3449 690 3543; x_wconf 88' lang='lat' dir='ltr'>nequitiis</span> <span class='ocrx_word' id='word_1_266' title='bbox 709 3448 821 3535; x_wconf 67' lang='lat' dir='ltr'>locus,</span> <span class='ocrx_word' id='word_1_267' title='bbox 842 3447 936 3519; x_wconf 92' lang='lat' dir='ltr'>uulla</span> <span class='ocrx_word' id='word_1_268' title='bbox 953 3446 1086 3540; x_wconf 83' lang='lat' dir='ltr'>refugis</span> <span class='ocrx_word' id='word_1_269' title='bbox 1104 3448 1284 3521; x_wconf 89' lang='lat' dir='ltr'>virtutibus</span> <span class='ocrx_word' id='word_1_270' title='bbox 1302 3450 1345 3520; x_wconf 87' lang='lat' dir='ltr'>sit</span> 
     </span>
     <span class='ocr_line' id='line_1_31' title="bbox 33 3546 1345 3648; baseline -0.002 -26"><span class='ocrx_word' id='word_1_271' title='bbox 33 3551 191 3638; x_wconf 79' lang='lat' dir='ltr'>incultus,</span> <span class='ocrx_word' id='word_1_272' title='bbox 212 3549 306 3622; x_wconf 90' lang='lat' dir='ltr'>nulla</span> <span class='ocrx_word' id='word_1_273' title='bbox 327 3549 561 3623; x_wconf 86' lang='lat' dir='ltr'>insidiantibus</span> <span class='ocrx_word' id='word_1_274' title='bbox 583 3550 681 3624; x_wconf 88' lang='lat' dir='ltr'>malis</span> <span class='ocrx_word' id='word_1_275' title='bbox 702 3549 830 3623; x_wconf 87' lang='lat' dir='ltr'>latendi</span> <span class='ocrx_word' id='word_1_276' title='bbox 849 3550 984 3622; x_wconf 88' lang='lat' dir='ltr'>licentia</span> <span class='ocrx_word' id='word_1_277' title='bbox 1005 3549 1224 3648; x_wconf 89' lang='lat' dir='ltr'>relinquatur.</span> <span class='ocrx_word' id='word_1_278' title='bbox 1273 3546 1345 3622; x_wconf 85' lang='lat' dir='ltr'>Sed</span> 
     </span>
     <span class='ocr_line' id='line_1_32' title="bbox 33 3649 1344 3749; baseline -0.004 -24"><span class='ocrx_word' id='word_1_279' title='bbox 33 3651 249 3726; x_wconf 85' lang='lat' dir='ltr'>venientibus</span> <span class='ocrx_word' id='word_1_280' title='bbox 275 3651 317 3724; x_wconf 91' lang='lat' dir='ltr'>ad</span> <span class='ocrx_word' id='word_1_281' title='bbox 343 3651 443 3724; x_wconf 86' lang='lat' dir='ltr'>iidem</span> <span class='ocrx_word' id='word_1_282' title='bbox 465 3655 578 3726; x_wconf 85' lang='lat' dir='ltr'>servis</span> <span class='ocrx_word' id='word_1_283' title='bbox 603 3655 669 3726; x_wconf 90' lang='lat' dir='ltr'>tuis</span> <span class='ocrx_word' id='word_1_284' title='bbox 695 3662 731 3725; x_wconf 90' lang='lat' dir='ltr'>et</span> <span class='ocrx_word' id='word_1_285' title='bbox 755 3652 873 3725; x_wconf 89' lang='lat' dir='ltr'>Sancti</span> <span class='ocrx_word' id='word_1_286' title='bbox 897 3649 1043 3749; x_wconf 91' lang='lat' dir='ltr'>Spiritus</span> <span class='ocrx_word' id='word_1_287' title='bbox 1068 3658 1118 3726; x_wconf 93' lang='lat' dir='ltr'>tui</span> <span class='ocrx_word' id='word_1_288' title='bbox 1144 3652 1344 3747; x_wconf 89' lang='lat' dir='ltr'>operatione</span> 
     </span>
     <span class='ocr_line' id='line_1_33' title="bbox 33 3754 1345 3852; baseline -0.006 -22"><span class='ocrx_word' id='word_1_289' title='bbox 33 3755 234 3830; x_wconf 89' lang='lat' dir='ltr'>mundandis</span> <span class='ocrx_word' id='word_1_290' title='bbox 257 3758 300 3828; x_wconf 86' lang='lat' dir='ltr'>eit</span> <span class='ocrx_word' id='word_1_291' title='bbox 326 3757 493 3828; x_wconf 89' lang='lat' dir='ltr'>unctionis</span> <span class='ocrx_word' id='word_1_292' title='bbox 520 3754 619 3829; x_wconf 85' lang='lat' dir='ltr'>buius</span> <span class='ocrx_word' id='word_1_293' title='bbox 644 3758 860 3852; x_wconf 90' lang='lat' dir='ltr'>praeparatio</span> <span class='ocrx_word' id='word_1_294' title='bbox 886 3756 977 3830; x_wconf 86' lang='lat' dir='ltr'>utilis</span> <span class='ocrx_word' id='word_1_295' title='bbox 1003 3755 1217 3831; x_wconf 84' lang='lat' dir='ltr'>adsalutem</span> <span class='ocrx_word' id='word_1_296' title='bbox 1243 3773 1345 3846; x_wconf 88' lang='lat' dir='ltr'>quam</span> 
     </span>
     <span class='ocr_line' id='line_1_34' title="bbox 33 3853 1343 3950; baseline -0.002 -18"><span class='ocrx_word' id='word_1_297' title='bbox 33 3862 136 3932; x_wconf 90' lang='lat' dir='ltr'>etiam</span> <span class='ocrx_word' id='word_1_298' title='bbox 156 3858 316 3931; x_wconf 90' lang='lat' dir='ltr'>coelestis</span> <span class='ocrx_word' id='word_1_299' title='bbox 337 3860 611 3950; x_wconf 85' lang='lat' dir='ltr'>regenerationis</span> <span class='ocrx_word' id='word_1_300' title='bbox 629 3860 804 3933; x_wconf 88' lang='lat' dir='ltr'>nativitate</span> <span class='ocrx_word' id='word_1_301' title='bbox 821 3861 856 3930; x_wconf 94' lang='lat' dir='ltr'>in</span> <span class='ocrx_word' id='word_1_302' title='bbox 875 3856 1096 3934; x_wconf 85' lang='lat' dir='ltr'>Sacramenta</span> <span class='ocrx_word' id='word_1_303' title='bbox 1117 3865 1196 3932; x_wconf 88' lang='lat' dir='ltr'>suut</span> <span class='ocrx_word' id='word_1_304' title='bbox 1211 3853 1343 3949; x_wconf 83' lang='lat' dir='ltr'>Baptis-</span> 
     </span>
     <span class='ocr_line' id='line_1_35' title="bbox 31 3956 597 4058; baseline -0.004 -25"><span class='ocrx_word' id='word_1_305' title='bbox 31 3963 132 4033; x_wconf 88' lang='lat' dir='ltr'>matis</span> <span class='ocrx_word' id='word_1_306' title='bbox 154 3959 319 4056; x_wconf 88' lang='lat' dir='ltr'>adepturi.</span> <span class='ocrx_word' id='word_1_307' title='bbox 365 3960 433 4032; x_wconf 90' lang='lat' dir='ltr'>Per</span> <span class='ocrx_word' id='word_1_308' title='bbox 454 3956 597 4058; x_wconf 82' lang='lat' dir='ltr'>llom.²)</span> 
     </span>
    </p>
   </div>
   <div class='ocr_carea' id='block_1_5' title="bbox 27 4128 1344 4618">
    <p class='ocr_par' dir='ltr' id='par_1_6' title="bbox 27 4128 1344 4618">
     <span class='ocr_line' id='line_1_36' title="bbox 104 4128 1343 4212; baseline -0.005 -20"><span class='ocrx_word' id='word_1_309' title='bbox 104 4134 136 4212; x_wconf 92' lang='lat'>1)</span> <span class='ocrx_word' id='word_1_310' title='bbox 151 4133 239 4191; x_wconf 88' lang='lat' dir='ltr'>llabet</span> <span class='ocrx_word' id='word_1_311' title='bbox 255 4133 395 4191; x_wconf 87' lang='lat' dir='ltr'>iormulam</span> <span class='ocrx_word' id='word_1_312' title='bbox 411 4131 542 4192; x_wconf 85' lang='lat' dir='ltr'>Gelasius.</span> <span class='ocrx_word' id='word_1_313' title='bbox 575 4131 694 4190; x_wconf 82' lang='lat' dir='ltr'>Gbrsti</span> <span class='ocrx_word' id='word_1_314' title='bbox 715 4130 787 4189; x_wconf 91' lang='lat' dir='ltr'>lilii</span> <span class='ocrx_word' id='word_1_315' title='bbox 808 4131 886 4189; x_wconf 85' lang='lat' dir='ltr'>eius</span> <span class='ocrx_word' id='word_1_316' title='bbox 899 4132 990 4191; x_wconf 80' lang='lat' dir='ltr'>banc</span> <span class='ocrx_word' id='word_1_317' title='bbox 1004 4128 1267 4190; x_wconf 88' lang='lat' dir='ltr'>invocationem</span> <span class='ocrx_word' id='word_1_318' title='bbox 1282 4128 1343 4187; x_wconf 91' lang='lat' dir='ltr'>tri-</span> 
     </span>
     <span class='ocr_line' id='line_1_37' title="bbox 28 4215 1344 4294; baseline -0.003 -17"><span class='ocrx_word' id='word_1_319' title='bbox 28 4236 96 4277; x_wconf 83' lang='lat' dir='ltr'>nae</span> <span class='ocrx_word' id='word_1_320' title='bbox 111 4219 316 4294; x_wconf 85' lang='lat' dir='ltr'>potestatis</span> <span class='ocrx_word' id='word_1_321' title='bbox 331 4227 438 4292; x_wconf 87' lang='lat' dir='ltr'>atque</span> <span class='ocrx_word' id='word_1_322' title='bbox 452 4218 667 4276; x_wconf 78' lang='lat' dir='ltr'>virtutensi).</span> <span class='ocrx_word' id='word_1_323' title='bbox 682 4246 724 4260; x_wconf 92' lang='lat'>-</span> <span class='ocrx_word' id='word_1_324' title='bbox 739 4215 943 4275; x_wconf 81' lang='lat' dir='ltr'>violentiae</span> <span class='ocrx_word' id='word_1_325' title='bbox 959 4233 1030 4274; x_wconf 90' lang='lat' dir='ltr'>occ.</span> <span class='ocrx_word' id='word_1_326' title='bbox 1048 4247 1087 4259; x_wconf 89' lang='lat'>-</span> <span class='ocrx_word' id='word_1_327' title='bbox 1103 4215 1344 4273; x_wconf 78' lang='lat' dir='ltr'>eradicarest</span> 
     </span>
     <span class='ocr_line' id='line_1_38' title="bbox 27 4298 1342 4375; baseline -0.005 -13"><span class='ocrx_word' id='word_1_328' title='bbox 27 4304 205 4375; x_wconf 85' lang='lat' dir='ltr'>elingere</span> <span class='ocrx_word' id='word_1_329' title='bbox 229 4311 263 4360; x_wconf 86' lang='lat' dir='ltr'>et</span> <span class='ocrx_word' id='word_1_330' title='bbox 288 4302 436 4360; x_wconf 82' lang='lat' dir='ltr'>discedo</span> <span class='ocrx_word' id='word_1_331' title='bbox 456 4320 471 4359; x_wconf 85' lang='lat' dir='ltr'>a</span> <span class='ocrx_word' id='word_1_332' title='bbox 492 4302 779 4361; x_wconf 85' lang='lat' dir='ltr'>creaturabuius</span> <span class='ocrx_word' id='word_1_333' title='bbox 794 4301 884 4372; x_wconf 83' lang='lat' dir='ltr'>olei,</span> <span class='ocrx_word' id='word_1_334' title='bbox 905 4298 1342 4359; x_wconf 87' lang='lat' dir='ltr'>adutilitatemborniuunu</span> 
     </span>
     <span class='ocr_line' id='line_1_39' title="bbox 29 4385 1341 4460; baseline -0.004 -13"><span class='ocrx_word' id='word_1_335' title='bbox 29 4390 236 4447; x_wconf 87' lang='lat' dir='ltr'>constituta</span> <span class='ocrx_word' id='word_1_336' title='bbox 258 4394 293 4443; x_wconf 94' lang='lat' dir='ltr'>ut</span> <span class='ocrx_word' id='word_1_337' title='bbox 316 4387 381 4444; x_wconf 89' lang='lat' dir='ltr'>liat</span> <span class='ocrx_word' id='word_1_338' title='bbox 402 4389 489 4447; x_wconf 86' lang='lat' dir='ltr'>baec</span> <span class='ocrx_word' id='word_1_339' title='bbox 511 4386 637 4446; x_wconf 87' lang='lat' dir='ltr'>unctio</span> <span class='ocrx_word' id='word_1_340' title='bbox 657 4386 723 4444; x_wconf 91' lang='lat' dir='ltr'>div.</span> <span class='ocrx_word' id='word_1_341' title='bbox 746 4402 922 4460; x_wconf 80' lang='lat' dir='ltr'>sacnpur.</span> <span class='ocrx_word' id='word_1_342' title='bbox 938 4386 1033 4443; x_wconf 85' lang='lat' dir='ltr'>inud.</span> <span class='ocrx_word' id='word_1_343' title='bbox 1049 4385 1341 4460; x_wconf 84' lang='lat' dir='ltr'>-eisqueexeo</span> 
     </span>
     <span class='ocr_line' id='line_1_40' title="bbox 28 4470 1341 4546; baseline -0.003 -14"><span class='ocrx_word' id='word_1_344' title='bbox 28 4491 170 4546; x_wconf 80' lang='lat' dir='ltr'>ungere</span> <span class='ocrx_word' id='word_1_345' title='bbox 193 4473 322 4530; x_wconf 81' lang='lat' dir='ltr'>hubent</span> <span class='ocrx_word' id='word_1_346' title='bbox 344 4472 379 4528; x_wconf 93' lang='lat' dir='ltr'>in</span> <span class='ocrx_word' id='word_1_347' title='bbox 399 4488 534 4531; x_wconf 82' lang='lat' dir='ltr'>rem—</span> <span class='ocrx_word' id='word_1_348' title='bbox 551 4471 789 4531; x_wconf 86' lang='lat' dir='ltr'>alliciaturirr</span> <span class='ocrx_word' id='word_1_349' title='bbox 804 4472 856 4531; x_wconf 85' lang='lat' dir='ltr'>eie</span> <span class='ocrx_word' id='word_1_350' title='bbox 871 4470 1159 4545; x_wconf 81' lang='lat' dir='ltr'>corporunado.</span> <span class='ocrx_word' id='word_1_351' title='bbox 1177 4489 1206 4543; x_wconf 84' lang='lat' dir='ltr'>g.</span> <span class='ocrx_word' id='word_1_352' title='bbox 1221 4489 1247 4529; x_wconf 82' lang='grc' dir='ltr'>ι.</span> <span class='ocrx_word' id='word_1_353' title='bbox 1262 4487 1341 4529; x_wconf 85' lang='lat' dir='ltr'>ean·</span> 
     </span>
     <span class='ocr_line' id='line_1_41' title="bbox 31 4560 217 4618; baseline -0.011 -2"><span class='ocrx_word' id='word_1_354' title='bbox 31 4560 217 4618; x_wconf 85' lang='lat' dir='ltr'>ctilicata.</span> 
     </span>
    </p>
   </div>
   <div class='ocr_carea' id='block_1_6' title="bbox 105 4638 1340 4721">
    <p class='ocr_par' dir='ltr' id='par_1_7' title="bbox 105 4638 1340 4721">
     <span class='ocr_line' id='line_1_42' title="bbox 105 4638 1340 4721; baseline -0.002 -20"><span class='ocrx_word' id='word_1_355' title='bbox 105 4640 139 4721; x_wconf 75' lang='lat'>2)</span> <span class='ocrx_word' id='word_1_356' title='bbox 157 4642 190 4702; x_wconf 84' lang='lat' dir='ltr'>lt.</span> <span class='ocrx_word' id='word_1_357' title='bbox 211 4640 430 4719; x_wconf 84' lang='lat' dir='ltr'>spiritalium</span> <span class='ocrx_word' id='word_1_358' title='bbox 452 4642 510 4717; x_wconf 81' lang='lat' dir='ltr'>qui</span> <span class='ocrx_word' id='word_1_359' title='bbox 533 4661 559 4702; x_wconf 83' lang='lat' dir='ltr'>v.</span> <span class='ocrx_word' id='word_1_360' title='bbox 596 4641 626 4700; x_wconf 84' lang='lat' dir='ltr'>il.</span> <span class='ocrx_word' id='word_1_361' title='bbox 645 4642 877 4717; x_wconf 84' lang='lat' dir='ltr'>spiritalium.</span> <span class='ocrx_word' id='word_1_362' title='bbox 907 4641 937 4702; x_wconf 80' lang='lat' dir='ltr'>u.</span> <span class='ocrx_word' id='word_1_363' title='bbox 954 4640 985 4701; x_wconf 85' lang='lat' dir='ltr'>lt.</span> <span class='ocrx_word' id='word_1_364' title='bbox 1000 4641 1155 4718; x_wconf 81' lang='lat' dir='ltr'>spiritus</span> <span class='ocrx_word' id='word_1_365' title='bbox 1173 4642 1235 4702; x_wconf 90' lang='lat' dir='ltr'>tui.</span> <span class='ocrx_word' id='word_1_366' title='bbox 1263 4639 1294 4698; x_wconf 81' lang='lat' dir='ltr'>(l.</span> <span class='ocrx_word' id='word_1_367' title='bbox 1309 4638 1340 4699; x_wconf 87' lang='lat' dir='ltr'>ll.</span> 
     </span>
    </p>
   </div>
   <div class='ocr_carea' id='block_1_7' title="bbox 0 0 1535 4942">
    <p class='ocr_par' dir='ltr' id='par_1_8' title="bbox 0 0 1535 4942">
     <span class='ocr_line' id='line_1_43' title="bbox 0 0 1535 4942; baseline 0 0"><span class='ocrx_word' id='word_1_368' title='bbox 0 0 1535 4942; x_wconf 95' lang='lat' dir='ltr'> </span> 
     </span>
    </p>
   </div>
  </div>
 </body>
</html>
