3046 4942
630 284 641 301 ”
732 313 805 384 aaa

121 502 124 507 ¹
211 515 276 576 Non
290 514 472 573 ministretur
487 509 573 570 etiam
592 505 737 588 proelium
750 507 878 583 inituris,
892 512 942 566 aut
956 503 1177 582 nauigationem
1192 509 1243 564 ant
1256 503 1410 581 peregrim-

109 621 218 680 tionem
232 624 282 676 aut
301 614 357 675 alia
375 611 508 693 pericula
527 610 669 672 subituris
688 618 737 670 aut
760 610 820 670 reis
834 608 937 669 ultimo
951 606 1099 687 supplicio
1112 624 1186 668 mox
1198 604 1364 667 adliciendis
1374 613 1413 665 ert

107 720 207 799 pueris
227 717 349 776 rationis
364 732 446 775 usum
462 730 522 775 uon
535 710 722 773 habentibus.
732 697 763 786 ¹)

214 849 257 871 ,-
278 848 322 859 -
343 816 376 877 lu
399 815 501 876 eadem
519 813 690 875 lniirmitute
711 813 771 874 boc
789 812 1010 872 Sacramentum
1029 809 1129 871 iteruri
1152 825 1215 871 uon
1243 806 1351 884 debu,
1368 807 1414 870 aiei

107 921 244 982 diuturna
261 920 310 996 sit,
327 926 374 995 ut,
393 935 457 978 eum
471 916 605 977 lulinnus
621 914 816 991 convaluerit,
831 914 937 974 iterum
951 912 982 973 in
997 909 1161 993 perieulum
1175 911 1285 973 mortis
1298 909 1397 973 incidit·

210 1021 349 1099 Quinque
362 1036 435 1079 uero
451 1018 587 1097 eorporis
600 1026 701 1097 partes
715 1017 875 1096 praecipue
890 1015 962 1092 ungi
973 1012 1093 1092 debent,
1103 1031 1177 1094 quas
1186 1011 1413 1074 velutiseurnnn

107 1116 424 1186 instrumenta'hominl
442 1128 543 1180 natura
560 1117 677 1188 tribuit;
691 1136 799 1199 nempe
813 1118 892 1179 cculi
901 1161 911 1195 ‚
929 1134 1027 1194 aures,
1042 1133 1141 1192 nares,
1157 1133 1194 1176 os
1207 1123 1241 1176 et
1255 1131 1368 1175 manus:
1379 1122 1411 1173 st

108 1234 205 1287 tamen
218 1223 310 1304 pedes
325 1223 412 1283 etiam
427 1230 456 1282 et
475 1239 564 1282 renes
579 1219 710 1298 ungendi
724 1228 805 1280 sunt:
823 1219 876 1281 sed
891 1236 994 1279 renum
1008 1219 1106 1279 unctio
1119 1219 1149 1277 in
1163 1213 1411 1293 mulieribus‚‘bc

108 1326 232 1388 aestatis
252 1325 348 1402 gretia
370 1340 489 1403 semper
508 1322 666 1390 omittitur;
686 1328 774 1401 atque
794 1322 882 1382 etiam
903 1321 933 1380 in
949 1321 1040 1396 viris,
1065 1316 1183 1399 quaudo
1197 1317 1335 1379 lnlirmus
1347 1334 1412 1378 con·

108 1425 195 1488 mode
216 1425 329 1487 moueri
355 1441 414 1484 non
438 1432 550 1503 potest.
588 1422 647 1483 Sed
667 1423 732 1483 sive
751 1424 781 1483 in
802 1421 973 1485 mulieribus
993 1422 1057 1482 siue
1082 1405 1111 1482 in
1126 1421 1200 1482 uiris
1215 1420 1277 1483 alia
1290 1419 1411 1500 corporis

108 1546 176 1609 pars
191 1545 245 1609 pro
261 1525 381 1587 renibus
397 1526 469 1604 ungi
484 1542 544 1585 non
559 1523 657 1585 debet.
669 1511 703 1612 ²)

208 1627 312 1689 Manus
332 1645 425 1705 vero,
446 1645 521 1707 quae
542 1626 663 1707 reliquis
683 1627 806 1689 inlirmis
819 1627 943 1687 interius
956 1626 1027 1702 uugi
1046 1623 1157 1686 debent
1169 1622 1359 1701 Presbyteris
1370 1640 1409 1683 ex·

109 1732 202 1793 terius
214 1736 370 1806 ungantur.
380 1716 413 1816 ³)
909 1777 910 1780 ,

216 1860 254 1872 -
278 1831 310 1890 si
331 1831 397 1910 quis
417 1831 457 1890 sit
479 1829 575 1909 eliqua
589 1830 720 1894 membro
739 1829 903 1906 mutilatus,
926 1843 995 1907 pars
1009 1827 1078 1888 loco
1092 1826 1136 1888 illi
1150 1827 1291 1908 proxima
1303 1818 1410 1904 inunga-

12 1937 15 1941 ’
107 1943 171 2010 tur,
187 1931 291 1994 eedem
305 1931 463 1994 uerborum
477 1918 624 2018 formast)
965 1933 968 1939 '

208 2032 300 2094 Huius
321 2042 417 2094 sutem
430 2033 612 2094 Sacrameuti
633 2032 728 2093 lorma
752 2050 809 2113 qua
822 2031 928 2092 Sancte
946 2027 1077 2093 Romana
1097 2029 1228 2092 ecclesia
1249 2030 1340 2091 utitur
1360 2028 1409 2090 sol·

108 2136 213 2196 lemnis
233 2134 284 2196 ills
297 2135 429 2215 precatio
445 2143 509 2212 est,
533 2151 617 2212 quarn
633 2131 781 2194 Sacerdos
795 2130 830 2194 ad
844 2131 978 2209 singulas
993 2134 1133 2194 unctione
1146 2131 1272 2195 adbibet
1290 2132 1355 2193 dum
1365 2130 1410 2191 uit:

107 2227 176 2299 Per
208 2229 307 2300 istam
339 2237 490 2300 sanctam
513 2225 716 2297 Unctiouem
744 2235 779 2297 et
810 2247 907 2299 suam
928 2227 1114 2320 piissimam
1136 2224 1411 2310 misericordiam,

106 2327 283 2422 indulgeat
302 2327 364 2400 tibi
384 2328 550 2401 Dominus
578 2325 738 2423 quicquid
757 2349 821 2424 per
842 2328 973 2417 visum,
1000 2329 1076 2403 siue
1097 2349 1161 2424 per
1183 2328 1335 2400 auditum
1355 2333 1411 2397 etc.

107 2427 332 2526 deliquisti.4)

167 2632 197 2706 l)
211 2633 304 2704 Neque
319 2630 346 2687 in
360 2631 402 2688 bis
414 2632 586 2690 consentiunt
597 2647 701 2703 omnes,
716 2632 761 2705 qui
775 2631 880 2689 liituale
894 2631 1094 2689 commentariis
1105 2630 1283 2689 illustrarunt
1307 2629 1343 2686 Et
1352 2646 1415 2687 sane

107 2716 193 2773 minus
205 2715 351 2773 christiane
366 2716 473 2774 uidetur
483 2718 538 2774 ista
552 2718 667 2776 cuutelu.
691 2717 808 2788 Agenda
818 2717 932 2772 nonest.
947 2717 1023 2774 lm
1046 2719 1115 2773 Puer
1125 2716 1274 2789 septennis,
1284 2716 1309 2772 ei
1319 2716 1347 2772 S.
1360 2715 1415 2771 iln-

106 2801 225 2857 ctionem
242 2800 367 2872 petierit,
385 2801 467 2858 debet
483 2801 587 2872 inungi.
614 2801 678 2857 Cum
694 2802 764 2858 enirn
776 2816 863 2874 capax
875 2800 912 2856 sit
926 2800 1129 2872 poenitentiae,
1150 2809 1229 2858 certe
1240 2800 1318 2858 edum
1330 2814 1415 2872 capax

107 2883 161 2939 erit
180 2883 257 2938 buius
271 2881 448 2968 'Sacramenti
464 2916 507 2929 —
518 2916 558 2929 -
581 2885 731 2942 Confessus
751 2885 908 2954 inducito,
926 2885 950 2941 si
971 2885 1136 2958 aliquantum
1151 2884 1310 2959 supervivat
1320 2883 1416 2956 detque

107 2967 187 3038 sigua
202 2967 322 3037 doloris,
337 2969 485 3040 praemissa
500 2969 673 3028 absolutione
687 2970 722 3026 ab
736 2968 1025 3041 excommunicatione,
1040 2970 1212 3041 inungendus
1228 2977 1272 3027 est
1286 2968 1414 3037 absolute,

107 3050 291 3106 conditionate
303 3060 400 3123 rutero,
413 3054 436 3109 si
449 3055 569 3111 exterius
580 3057 649 3111 baec
659 3055 738 3125 siqua
749 3070 803 3111 non
815 3053 888 3123 edat,
899 3053 999 3110 temdiu
1008 3061 1095 3110 eutem
1106 3053 1278 3127 supervivat,
1287 3060 1318 3109 ut
1326 3051 1414 3110 dolere

105 3135 202 3206 pessit·
218 3162 261 3176 -—-
277 3165 315 3175 -
330 3137 464 3210 Tempore
478 3138 616 3195 interdicti
627 3140 654 3195 in
668 3138 775 3196 casibus
786 3137 933 3196 ordinariis
944 3139 1037 3211 nequit
1047 3137 1106 3194 dari
1116 3139 1246 3195 Extrema
1256 3138 1371 3195 Unctis:
1385 3135 1413 3194 nd

106 3233 197 3275 casum
210 3225 299 3274 tanmn
312 3221 483 3279 necessitatis
493 3224 593 3278 Iullrmi
607 3223 677 3279 haee
690 3222 841 3295 probibitio
854 3239 886 3278 se
897 3237 952 3278 uon
968 3223 1100 3279 extendit.

138 3308 141 3313 '
164 3298 196 3377 2)
214 3304 291 3358 Nunc
308 3304 335 3359 in
358 3305 424 3361 uiris
439 3322 548 3379 quoque
561 3307 711 3362 lumborum
725 3307 818 3364 unctio
832 3307 891 3362 iere
903 3323 1012 3379 semper
1026 3306 1167 3363 omittitur.
1194 3306 1343 3365 Caeterum
1353 3320 1410 3363 ecn-

106 3385 181 3442 ueuit
190 3387 262 3442 inter
273 3388 420 3459 Doctores,
432 3389 506 3462 quod
519 3389 612 3447 unctio
626 3390 724 3462 pedum
738 3397 767 3447 et
781 3406 874 3447 renum
886 3405 941 3447 nnn
956 3392 992 3447 sit
1003 3390 1165 3450 essentialis.

164 3469 195 3545 3)
211 3471 278 3538 Quia
291 3471 456 3531 Sacerdotes
470 3475 497 3531 iu
509 3475 596 3544 palma
609 3491 730 3531 manuum
742 3475 815 3531 uncti
826 3481 888 3531 sunt
899 3474 933 3530 ab
944 3474 1083 3547 Episcopo
1096 3475 1123 3530 in
1134 3474 1312 3532 ordinatione
1323 3476 1412 3531 Seser-

105 3553 184 3612 doni.
198 3556 237 3611 At
248 3570 316 3611 uero
330 3572 344 3611 a
356 3556 445 3612 multis
459 3557 618 3614 Rubricistis
629 3559 683 3615 lnce
694 3566 881 3631 argumentum
892 3559 999 3616 ducitur
1009 3575 1114 3627 uanum,
1127 3558 1198 3615 adeo
1209 3558 1359 3627 insulsum
1371 3573 1410 3614 ae

19 3682 31 3693 .
104 3656 157 3712 que
171 3641 314 3696 immerito.
341 3640 400 3696 Non
416 3648 536 3697 nostrum
552 3648 605 3710 est,
620 3644 732 3700 naenias
747 3644 814 3700 istas
828 3650 923 3700 centra
937 3643 1121 3700 liierercbiam
1133 3644 1273 3699 Romnae
1286 3641 1411 3700 eeclesiae

103 3722 131 3779 in
143 3725 231 3782 triviis
242 3725 400 3781 decantatas
412 3741 574 3797 recoquere,
585 3727 634 3782 sed
646 3727 732 3784 minus
744 3728 853 3799 placent
862 3727 998 3785 eiusmodi
1009 3728 1097 3799 leges,
1103 3743 1173 3800 quae
1180 3726 1242 3784 sine
1249 3728 1411 3785 dubitatione

103 3806 186 3864 lacile
196 3809 223 3864 in
235 3810 330 3866 mulam
341 3815 446 3882 partem
461 3810 547 3882 accipi
563 3819 678 3883 possunt
689 3819 717 3868 et
727 3812 905 3883 accipiuntur.

165 3890 196 3967 t)
212 3894 282 3960 Ouid
300 3893 324 3951 si
344 3893 480 3950 abundent
497 3895 621 3951 sensibus
642 3896 669 3954 lu.
689 3912 714 3952 e.
731 3896 850 3952 bubesnt
869 3902 926 3952 tres
946 3910 1039 3952 manus
1059 3901 1117 3952 tres
1130 3895 1175 3952 uei
1189 3904 1309 3968 quatuor
1324 3896 1409 3970 pedes

104 3979 134 4028 ut
148 3972 175 4028 io
192 3978 320 4035 monstris
336 3978 504 4051 potissimum
516 3976 617 4035 daturi
643 3980 802 4050 Ungendum
819 3987 863 4037 est
875 3982 1021 4036 membrum
1033 3980 1116 4052 illud,
1134 3996 1189 4051 quo
1200 3982 1292 4051 magis
1308 3976 1410 4038 unicui

103 4062 240 4156 sunt„rel
261 4063 333 4133 qnod
351 4064 439 4136 magis
458 4064 486 4119 in
506 4064 620 4120 naturali
638 4072 716 4137 parte
727 4065 854 4137 corporis
870 4065 1033 4122 collocatum
1045 4071 1096 4121 est.
1126 4064 1199 4121 ilaec
1212 4066 1310 4121 statuit
1320 4066 1411 4122 doctu·

103 4154 161 4194 rum
174 4144 320 4218 ακριβεία.

166 4224 197 4298 5)
219 4228 326 4285 Tradite
346 4239 389 4290 est
407 4250 422 4290 a
441 4232 565 4290 concilio
583 4233 741 4291 Florentino
751 4234 779 4290 in
790 4235 901 4290 liceret.
916 4233 1021 4304 Eugen.
1040 4239 1069 4288 et
1084 4249 1098 4290 ι
1114 4233 1235 4291 trident.
1250 4249 1321 4291 sess.
1338 4234 1370 4287 14
1382 4231 1411 4288 de

103 4301 177 4401 thq.
190 4309 268 4366 Unct.
280 4329 305 4372 e.
319 4315 337 4372 i.
350 4317 458 4387 Agend.
474 4318 587 4375 blonast.
600 4318 677 4378 1712.
702 4319 731 4374 Si
742 4318 933 4375 omitterentur
944 4317 1028 4374 verbs
1043 4334 1080 4373 su
1089 4334 1104 4373 n
1113 4335 1139 4373 ιι
1152 4318 1350 4392 piissimum
1365 4315 1410 4374 ιί·

103 4394 339 4450 serrcordiam
360 4401 522 4459 redderetur
532 4405 734 4460 scoramentnm
753 4400 868 4457 dubium.
909 4401 1041 4475 Displicet
1056 4403 1169 4459 lormula
1186 4402 1336 4460 Clausenio
1350 4403 1410 4479 (iir-

101 4469 169 4525 tbcl.
187 4487 212 4526 u.
225 4477 342 4538 Protest.
363 4483 387 4534 2.
409 4500 438 4554 p.
449 4486 516 4558 bue)
538 4487 608 4557 „liei
625 4487 677 4541 der
694 4485 795 4542 letsten
807 4485 914 4557 0elunq
928 4485 965 4544 ist
978 4503 1009 4543 es
1023 4488 1180 4558 custumis,
1201 4487 1269 4544 dass
1279 4486 1327 4544 die
1338 4487 1410 4543 Foru

102 4551 235 4612 durcbaus
249 4559 349 4617 betend
363 4564 408 4634 let,
421 4564 492 4623 denn
503 4568 537 4624 du
552 4571 602 4626 das
615 4571 772 4628 Sacrament
783 4569 827 4627 die
839 4570 932 4628 Gncde
945 4571 1019 4629 nicbt
1029 4571 1092 4630 bles
1105 4571 1286 4644 bezeichnen,
1296 4571 1409 4630 eosdm
