3046 4942
710 239 864 374 ¹402

277 491 344 564 Per
366 490 478 571 omnia
498 487 638 562 saecula
660 487 877 563 saeculorum
900 496 963 562 etc.
984 493 1082 583 pater
1103 485 1324 581 omnipotens
1345 494 1465 556 aeterne
1490 498 1497 511 ·

174 596 282 683 Deus,
308 591 423 663 mundi
449 591 605 664 eonditor
631 602 665 664 et
689 591 899 689 redemptor,
922 591 1137 688 omniumque
1164 595 1396 660 creaturarum
1420 589 1467 658 mi
1511 582 1513 699 l

173 697 290 768 rabilis
312 694 507 791 dispositor,
526 694 622 767 Deus
644 697 703 790 qui
720 697 807 767 inter
828 698 902 792 ipsa
922 692 1037 765 mundi
1057 690 1249 787 primordia
1360 712 1405 761 ex
1425 693 1467 760 ui·

168 797 245 870 bilo
267 807 389 868 cuncta
411 796 594 886 conderes,
616 796 709 890 ligna
731 819 866 894 quoque
886 795 1063 867 fructifere
1085 804 1119 866 et
1140 793 1295 868 diverso·
1308 795 1377 865 usui
1393 813 1468 863 eon·

176 921 263 994 gnra
281 909 407 972 terrem
432 899 626 997 producere
651 902 777 974 inssisti
803 923 844 970 ac
863 909 942 996 post
967 896 1184 969 maledictum
1206 895 1400 968 interdictae
1420 917 1467 964 ar-

174 1001 269 1074 boris
303 1003 465 1074 universa
492 1001 590 1074 nobis
620 1024 682 1097 per
709 1002 935 1075 obedientiam
957 1002 1123 1093 unigeniti
1153 998 1216 1070 lilii
1245 1001 1296 1070 tui
1319 1001 1353 1069 in
1378 997 1466 1067 bene-

175 1104 357 1175 dictionem
389 1106 609 1191 convertisti,
640 1103 785 1176 benedic
810 1101 842 1196 1
868 1104 932 1177 bos
958 1103 1223 1195 multigenarum
1240 1100 1402 1173 arborum
1425 1122 1467 1170 ra-

175 1227 252 1277 mos
278 1208 478 1301 intorques
506 1209 690 1302 praecipue
716 1207 819 1279 arbor
843 1207 957 1279 olivae
988 1204 1198 1301 pinguedine
1220 1213 1469 1299 euuctasprae

45 1336 48 1345 ¹
178 1306 281 1380 uellit.
329 1308 397 1380 Per
424 1330 523 1404 quam
550 1311 650 1380 etiam
677 1331 752 1381 cum
775 1309 891 1381 mundi
914 1312 1053 1380 erimina
1077 1306 1208 1378 diluvio
1234 1305 1396 1401 qnondam
1415 1324 1468 1374 er·

175 1412 351 1506 piarentur
382 1408 523 1500 diffuso,
553 1411 709 1483 columba
739 1434 867 1485 ramum
896 1410 1048 1484 ciusdem
1070 1408 1253 1497 deferens,
1282 1415 1392 1504 pacem
1407 1416 1467 1477 ter-

175 1533 236 1582 rae
258 1513 424 1585 redditum
444 1516 618 1586 nuntiavit.
662 1513 826 1586 Necnon
848 1525 882 1586 et
903 1516 1065 1586 innocens
1085 1511 1204 1601 turba,
1229 1513 1346 1608 spiritu
1362 1516 1467 1582 saneto

73 1650 76 1659 ·
176 1611 301 1704 alilata,
323 1619 500 1709 unigenito
520 1626 579 1688 tuo
597 1616 744 1689 Domino
763 1627 881 1691 nostro
898 1614 978 1689 lesu
998 1613 1146 1703 Christo,
1165 1634 1233 1709 pro
1253 1616 1356 1685 totius
1371 1609 1470 1681 mundi

177 1716 287 1789 salute
312 1740 477 1814 passuro,
505 1718 641 1791 obviem
668 1742 831 1809 currens,
854 1719 1040 1815 palmarum
1062 1737 1178 1790 ramos
1197 1714 1420 1802 abscindens,
1438 1735 1470 1781 ae

176 1822 332 1912 vestigiis
353 1825 427 1895 eins
447 1821 667 1902 substernens
690 1827 755 1894 iam
775 1825 870 1917 quasi
892 1819 1171 1917 triumphatorem
1191 1816 1238 1889 de
1257 1820 1375 1889 mortis
1396 1818 1471 1911 prin·

177 1923 254 2015 cipe
276 1923 497 1995 ostendebat
527 1923 577 1994 Te
598 1928 701 2017 igitur
723 1924 868 1996 Domine
891 1924 1087 2020 suppliciter
1110 1920 1349 2015 deprecamur,
1373 1918 1472 2011 utqui
1511 1984 1513 2004 ἶ

177 2044 288 2092 annua
310 2023 495 2096 devotione
517 2026 669 2097 eiusdem
691 2026 916 2122 redemptoris
937 2027 1045 2097 nostri
1071 2026 1334 2094 sacratissimam
1354 2024 1471 2115 passio·
1511 2044 1513 2079 ι

178 2144 257 2193 nem
278 2129 483 2217 praevenire
504 2129 651 2212 nitimur,
674 2130 748 2219 ipso
770 2129 951 2198 adiuvante
969 2125 1114 2220 palmam
1130 2124 1297 2195 victoriae
1315 2133 1472 2207 tenentes,
1510 2168 1513 2213 ,

166 2233 279 2318 atque
302 2224 382 2295 oleo
402 2226 657 2296 misericordiae
678 2230 880 2299 intrinsecus
901 2227 1126 2319 refulgentes,
1147 2228 1182 2296 in
1202 2228 1272 2297 eius
1289 2233 1404 2298 saneta
1421 2245 1472 2293 re
1511 2220 1513 2237 '

176 2329 391 2400 surrectione
410 2329 597 2423 praemium
615 2331 705 2401 vitae
726 2339 886 2401 aeternae
908 2341 942 2401 et
958 2327 1221 2401 immortalitatis
1234 2348 1392 2399 coronam
1403 2347 1472 2421 per-

177 2430 293 2524 cipere
319 2452 520 2535 mereamur.
570 2430 638 2502 Per
659 2432 803 2503 eundem
828 2443 890 2504 etc.
919 2435 977 2527 qui
997 2442 1109 2502 tecum
1134 2434 1225 2540 uiuit
1251 2426 1353 2526 οιαὶ)

280 2550 500 2648 Omnipotens
520 2555 725 2647 sempiterne
751 2554 859 2642 Deus,
887 2557 943 2648 qui
966 2564 1059 2624 tuum
1076 2554 1292 2645 unigenitum
1315 2551 1355 2622 ab
1377 2550 1471 2621 llieri-
1511 2552 1513 2619 ἶ

88 2672 93 2683 “
176 2655 243 2727 eho
271 2665 454 2749 monteque
481 2652 606 2725 Oliveti
634 2655 676 2725 ad
702 2655 916 2727 Hierusalem
944 2654 1118 2742 direxisti,
1146 2657 1202 2725 cui
1229 2653 1330 2726 turba
1354 2651 1470 2725 mirabi-

176 2755 256 2827 liter
282 2759 453 2850 occurrit,
472 2756 529 2825 elii
554 2759 756 2829 vestimenta
782 2780 844 2831 sna
872 2767 1076 2845 sternentes,
1102 2779 1218 2829 ramos
1246 2757 1291 2828 de
1313 2754 1471 2828 arboribus

178 2857 363 2929 caedentes
390 2857 571 2946 olivarum,
598 2858 670 2929 allii
694 2859 823 2954 palmus
850 2859 1002 2931 munibus
1025 2862 1096 2932 suis
1122 2858 1343 2931 deserentes:
1368 2870 1400 2930 te
1422 2856 1472 2928 bu-

119 3000 121 3004 ·
175 2959 301 3031 militer
320 2960 556 3055 deprecemur,
577 2972 613 3031 ut
632 2959 718 3032 haec
739 2984 867 3054 genere
890 2957 1049 3033 arborum
1070 2966 1114 3032 ita
1136 2961 1354 3034 sanctificare
1372 2963 1472 3052 digne-

178 3064 239 3150 ris,
264 3072 300 3133 ut
319 3063 404 3133 baec
426 3062 516 3152 locu,
536 3063 595 3135 ubi
615 3063 789 3158 deportata
810 3065 947 3153 fuerint,
969 3063 1175 3136 sanctificata
1198 3063 1399 3151 efficiantur,
1417 3082 1472 3156 quo

180 3165 289 3236 omnis
311 3167 468 3262 iniquitas
495 3189 557 3239 seu
583 3166 696 3239 illusio
720 3168 920 3239 daemonum
942 3166 1104 3239 abscedat
1127 3177 1161 3237 et
1183 3178 1243 3238 tua
1265 3189 1332 3241 nos
1355 3185 1473 3259 semper

182 3266 325 3338 dextera
350 3278 535 3362 protegere
560 3269 725 3362 dignetur.
774 3270 841 3342 Per
868 3269 1022 3341 eundem.

283 3387 503 3484 Omnipotens
531 3394 735 3486 sempiterne
761 3392 877 3479 Deus,
905 3395 963 3485 qui
988 3392 1168 3462 Dominum
1194 3400 1351 3463 nostrum
1375 3390 1473 3461 lesum

182 3490 351 3564 Christum
376 3490 541 3563 hodierna
567 3493 621 3564 die
643 3517 745 3590 super
767 3493 896 3591 pullum
916 3505 979 3565 ete.
1002 3519 1034 3588 p.
1056 3494 1138 3568 398.
1231 3548 1233 3553 .
1341 3532 1346 3539 -

282 3621 398 3684 Deinde
417 3623 619 3688 thurificentur
640 3634 670 3686 et
690 3633 884 3706 aspergantur
905 3624 1012 3705 detque
1031 3624 1178 3687 Sacerdos
1197 3625 1315 3705 palmos
1333 3622 1431 3707 pupulo
1444 3627 1471 3679 et

181 3726 336 3788 inchoetur
350 3725 517 3806 Antiphone
538 3718 651 3792 Turba
674 3719 776 3790 mulla
795 3742 826 3813 p.
852 3720 936 3792 399.

281 3845 333 3906 llis
353 3847 393 3907 ita
411 3848 539 3926 peractis
562 3855 689 3929 pergant
708 3848 805 3926 fores,
828 3845 875 3904 nbi
889 3864 960 3906 crux
976 3857 1074 3926 parata
1088 3849 1125 3907 sit
1139 3848 1293 3915 etiterum
1307 3848 1413 3906 maten
1425 3840 1473 3900 bas

182 3949 365 4113 ppqipsqqqas
378 3950 617 4117 ριῧοὲεθεείοηεὴε
634 3939 727 4012 Ante
749 3965 814 4016 sex
833 3939 914 4014 dies.
956 3938 1040 4011 Cum
1063 3920 1359 4037 appropinquaret
1400 3929 1474 4004 Cum

352 4066 384 4138 p.
481 4101 488 4115 ⁸
1016 4082 1021 4092 .

285 4168 390 4232 l’oatea
405 4175 632 4254 puerieantant:
660 4116 775 4236 illoria
799 4163 875 4234 laus
901 4173 935 4234 el
961 4161 1071 4233 honor
1095 4171 1158 4232 etc.
1185 4184 1218 4257 p.
1244 4164 1330 4235 399.

254 4413 284 4492 l)
303 4418 397 4477 Anbr.
414 4426 442 4475 et
455 4420 522 4477 God.
539 4419 687 4491 llbeiuaug.
703 4435 745 4478 se,
758 4414 798 4474 Xl
811 4412 935 4473 omittunt
949 4421 984 4474 et
998 4416 1207 4490 redemptor„
1238 4417 1268 4474 ll.
1287 4414 1469 4490 dispositor

185 4497 255 4573 qui.
284 4502 317 4559 A.
332 4504 363 4563 ll.
378 4503 527 4560 benedic
542 4506 652 4563 etiam.
671 4503 705 4561 Α.
720 4499 1138 4576 beeupraecipuearbor.
1159 4503 1193 4566 Α,
1208 4503 1240 4562 u.
1255 4502 1469 4560 etirnocerc

185 4583 266 4642 tlt.
281 4585 469 4657 pulmarum
483 4587 783 4668 othuiuuarbopiu
798 4603 912 4646 ramos
926 4585 1125 4645 abscidens.
