3046 4942
725 274 801 347 388

107 472 151 559 lp.
184 461 308 535 Arnen.
361 465 404 534 ti.
434 459 582 532 Domine
609 457 737 529 exaudi
763 452 953 529 orationem
979 479 1101 529 meana.
1158 461 1205 548 ll.
1233 456 1280 529 Et
1305 458 1351 529 ola

109 587 206 639 maus
227 565 272 636 ad
292 574 327 635 to
346 563 472 634 veniat.
511 569 553 634 tt,
574 560 741 632 Dominus
761 557 965 637 vobiscum„
991 565 1033 651 ll.
1054 558 1102 629 Et
1122 581 1206 630 curn
1218 562 1348 656 'spiritu

214 665 371 738 Oramus,
425 661 501 734 Tibi
523 663 671 733 Domine
702 661 979 734 commendamus
1008 663 1161 732 animam
1182 660 1351 735 famulitr

109 780 146 841 ιι
167 768 348 840 defunctus
372 765 512 837 saeculo
533 764 592 835 tibi
617 766 731 834 vivat:
764 772 909 858 atquae
931 785 994 858 per
1015 763 1249 856 fragilitatem
1272 764 1351 837 hunt

110 871 383 942 conversationis
405 875 548 961 peccata
572 867 752 956 commisit,
772 873 811 935 ιι
832 867 935 936 venia
957 866 1351 963 misericordissimaepi

109 975 153 1045 tis
178 970 350 1062 absterge.
396 967 472 1038 Per.
483 963 514 1062 1)

212 1081 331 1142 interim
343 1079 430 1140 detur
438 1095 596 1156 campanae
605 1077 720 1154 signum
730 1078 870 1138 transitus
881 1075 1012 1137 deiunoti
1024 1095 1080 1156 pro
1090 1077 1154 1140 loci
1163 1077 1351 1141 consuetudin

109 1193 141 1244 ιι
154 1182 308 1243 audientes
322 1199 377 1261 pro
396 1182 460 1239 eius
474 1181 567 1240 anima
581 1179 673 1240 Deum
688 1187 857 1258 pree-entur.
895 1178 1010 1240 Deinde
1024 1197 1137 1259 eorpus
1155 1180 1197 1240 de
1212 1199 1297 1242 more
1311 1181 1351 1242 lor

110 1285 305 1363 compositum
319 1284 378 1345 loci
394 1281 512 1342 decenti
528 1299 591 1340 cum
607 1268 755 1368 lumine³)
771 1281 950 1345 collocetur:
963 1299 998 1340 ao
1013 1299 1105 1360 parva
1120 1279 1209 1342 Crux
1223 1300 1315 1363 super
1330 1301 1351 1364 p

109 1388 188 1446 inter
201 1403 303 1446 manus
316 1385 448 1446 deluneti
463 1391 605 1463 ponatur:
621 1391 670 1442 aut
687 1383 735 1443 ubi
750 1381 831 1445 (lrux
844 1382 932 1460 desit,
945 1400 1046 1443 manus
1061 1385 1091 1443 iu
1108 1385 1236 1445 modurn
1245 1385 1351 1446 Crucis

109 1497 273 1567 ponantur:
296 1486 500 1565 interdumque
517 1493 695 1564 aspergatur
717 1503 792 1564 aqua
813 1484 966 1545 benedicta
988 1497 1019 1544 et
1031 1486 1155 1547 interim
1172 1487 1275 1549 donec
1288 1486 1351 1549 eleo

111 1590 159 1666 qai
175 1588 280 1650 adsunt
295 1589 361 1650 sire
374 1587 553 1649 Sacerdotes
567 1586 634 1648 sive
647 1587 698 1647 alii
712 1587 839 1649 orabunt
851 1604 907 1666 pro
922 1585 1073 1648 defuneto.

656 1789 880 1801 -—---

490 1977 563 2051 vl.
607 1978 683 2049 DE
721 1978 1041 2065 EXEQUllS.

561 2113 618 2182 Ex
644 2112 772 2183 Rituali
798 2114 965 2215 Romano.

217 2288 253 2298 -
280 2289 317 2298 -
337 2255 422 2331 Quod
437 2255 629 2338 antiquissimi
645 2262 691 2316 est
704 2256 829 2316 instituti
842 2255 914 2318 illud
930 2266 1066 2338 quantum
1080 2256 1149 2320 li'eri
1163 2264 1291 2342 poterit,
1303 2262 1351 2323 rati

108 2369 171 2438 tur,
193 2366 225 2420 nt
237 2356 325 2419 llissa
340 2367 498 2439 praesente
512 2375 641 2438 corpore
654 2356 785 2417 defuncti
799 2376 853 2437 pro
870 2377 907 2421 eo
922 2360 1107 2438 celebretur,
1123 2373 1287 2445 antequam
1298 2383 1351 2445 sep

108 2480 161 2524 rae
172 2460 312 2523 tradatur.

209 2562 242 2623 si
262 2563 328 2645 quis
347 2560 396 2622 die
409 2560 487 2623 resto
501 2562 540 2624 sit
553 2557 763 2643 sepeliendus,
785 2558 876 2623 llissa
889 2565 1008 2645 propria
1023 2582 1078 2642 pro
1093 2564 1255 2627 Deiuuctis
1269 2585 1351 2647 praes

108 2682 236 2747 corpore
254 2662 398 2727 celebrari
418 2664 546 2743 poterit,
570 2662 748 2737 duntamen
763 2660 976 2725 conventualis
989 2667 1076 2726 missa
1092 2676 1125 2727 et
1140 2668 1238 2729 oldaia
1252 2668 1351 2729 divina

107 2760 323 2847 impediantur,
339 2764 505 2844 magnaque
522 2763 587 2837 diei,
597 2763 755 2825 celebritas
771 2780 830 2826 non
845 2765 953 2851 obstet.
1197 2840 1205 2857 1

149 2924 152 2929 .
208 2864 337 2929 Caveant
347 2866 474 2927 ‚omuino
488 2864 614 2927 Paroolri
631 2864 741 2947 aliique
754 2866 934 2928 Sacerdotes
948 2887 986 2929 ne
999 2867 1154 2947 sepultura
1169 2870 1220 2930 vel
1236 2872 1351 2954 exequi

106 2984 159 3026 seu
185 2966 577 3051 anniuersarii'rnortuorarn
600 2966 691 3029 cilicii
716 2986 801 3028 causa
824 2968 978 3050 quidquam
999 2972 1186 3049 paciscantur
1209 2981 1260 3033 aut
1284 2982 1351 3053 tarne

106 3070 231 3146 pretinm
247 3072 385 3149 exigant:
403 3069 457 3130 sed
472 3070 509 3133 iis
523 3069 723 3147 eleemosynis
738 3072 871 3131 contenti
884 3073 958 3148 sint,
973 3089 1047 3151 quae
1062 3078 1112 3133 ιιι
1126 3072 1257 3155 probata
1271 3094 1351 3153 consp

106 3169 175 3230 dine
189 3170 251 3255 dari
264 3173 374 3250 solent,
389 3179 438 3232 aut
452 3172 624 3257 Ordinarius
640 3156 878 3260 constituerit.⁴)

117 3335 316 3348 *-
373 3328 377 3337 ¹

166 3427 401 3511 l),llaeo.0ratio
420 3430 499 3489 duxit
520 3426 935 3506 essorsmenturiudrepbrifi
952 3432 1020 3490 dod.
1039 3434 1127 3489 vnde
1144 3442 1181 3491 ιι
1195 3439 1229 3494 si
1246 3452 1312 3513 qn
1324 3462 1351 3479 -·

104 3509 268 3591 admisits
281 3521 309 3570 at
321 3528 466 3586 perperam
480 3516 576 3589 posite
585 3533 647 3573 esse
662 3516 770 3573 ridetur
784 3518 811 3573 iu
824 3519 1026 3587 llos-sententie
1040 3518 1217 3590 hypothesis.
1252 3534 1269 3573 ·.
1325 3546 1351 3587 ,ῃ

164 3592 197 3671 2)
217 3596 309 3653 Variis
332 3598 485 3656 nominibus
510 3600 537 3655 in
558 3599 676 3657 diversis
701 3602 860 3672 regionibus
878 3602 1044 3674 appellatur:
1066 3603 1277 3676 Transitus,
1295 3605 1351 3661 Est

103 3680 1345 3763 muna,Avoldariao10rtuorurn‚Solacidcgtdcltlein,deenplooks,

163 3759 195 3839 3)
214 3766 311 3823 lamen
332 3764 399 3823 illud
409 3766 556 3844 signiioat
579 3768 661 3825 tidem
674 3767 812 3839 defuncti,
835 3786 905 3842 quae
919 3788 1009 3847 upum
1021 3787 1070 3842 per
1084 3779 1207 3829 mortam
1223 3775 1350 3835 ιιιιίιοιι

103 3845 222 3905 Amatur.
240 3849 276 3925 do
289 3850 357 3913 eccl.
373 3850 446 3927 ollio
465 3852 486 3921 l,
502 3868 527 3904 o.
543 3849 584 3908 ll.
613 3852 702 3909 Porro
714 3852 826 3925 indicat,
840 3854 943 3913 animas
957 3856 1054 3917 vivere
1066 3862 1095 3927 et
1107 3854 1261 3917 deiunctae
1273 3858 1351 3917 ussi

104 3929 188 4001 lucis,
203 3950 255 3999 nco
269 3949 324 3991 non
339 3948 457 4013 ouppqru
473 3950 568 3992 eorum
584 3944 784 4013 resurrecturo.
993 4008 995 4013 .
1231 4008 1234 4013 ,
1253 3992 1256 4001 .

157 4014 196 4089 24)
211 4017 316 4075 Concil.
331 4017 409 4091 lleld.
424 4034 448 4093 ι,
462 4020 508 4079 i‘l.
538 4019 622 4076 Nemo
638 4037 690 4095 pro
704 4022 768 4079 looo
783 4020 939 4094 sepultarae
953 4020 1068 4093 pratiun
1082 4021 1117 4077 de
1133 4029 1211 4079 tarra
1224 4040 1351 4091 eonem

102 4093 203 4150 tredini
223 4116 354 4169 quaerero
374 4108 403 4157 et
416 4100 451 4156 de
466 4102 557 4158 alieno
572 4104 644 4159 vello
659 4107 751 4161 iacere
766 4106 838 4161 luctu
853 4104 1040 4176 compendium
1056 4105 1148 4176 aliquo
1164 4108 1252 4164 nando
1266 4114 1351 4165 ιιιιιι

102 4178 210 4247 quando
232 4189 319 4257 autera
339 4185 457 4259 proximi
467 4186 522 4263 ,vel
540 4187 675 4249 haerodes
692 4195 794 4265 sponte
808 4189 911 4265 sfiuuid
923 4188 1023 4263 ellerre
1036 4190 1063 4246 in
1077 4191 1196 4247 ecclesia
1214 4192 1348 4249 uoluuint

103 4258 278 4333 eleemosyna
300 4266 422 4347 defuncti
441 4272 568 4344 accipere
587 4288 644 4329 non
663 4279 801 4343 ιιιιιιιι,
824 4273 882 4347 peti
898 4288 965 4345 aero
982 4280 1027 4329 eut
1041 4272 1144 4345 aliquid
1160 4275 1274 4333 omnino
1289 4274 1351 4348 prol

103 4356 176 4415 ιιιι,
200 4361 235 4401 uc
254 4345 344 4421 (quod
358 4354 439 4410 uelde
453 4356 639 4428 irreligiosum
653 4352 713 4430 est).
725 4363 771 4411 eut
785 4357 889 4421 venalis
903 4357 1008 4413 dicator
1023 4357 1159 4428 eeclesia,
1181 4367 1231 4415 ιιι
1246 4360 1282 4416 ds
1296 4361 1351 4425 ιιι

104 4426 233 4515 inanibus
248 4428 387 4493 videamur
402 4438 544 4505 gratulari.
565 4438 835 4497 conciliantes.
859 4443 904 4497 lle
917 4441 1051 4517 sepulcris
1064 4448 1092 4497 et
1107 4442 1265 4501 horninibus
1279 4444 1351 4517 sepo!

103 4503 146 4561 das
165 4508 231 4565 nihil
254 4515 373 4571 muneris
391 4520 520 4592 exuant,
541 4523 592 4581 nisi
607 4523 683 4581 torte.
693 4522 739 4595 qui
754 4524 902 4597 sepelitur,
922 4524 1017 4582 virens
1031 4525 1143 4583 iusserit
1157 4527 1297 4585 ecelesias
1313 4527 1351 4585 eli
