3046 4942
730 312 806 382 sla
834 322 840 345 '

211 490 546 585 Adpccaraeiroraaa
559 499 584 560 si
598 500 647 579 pie
662 510 773 580 perant.
814 492 890 565 Per·
902 494 1000 564 istam
1020 514 1152 566 sacram
1174 497 1368 567 unctionem
1388 505 1422 565 et

108 612 207 663 suam
233 593 417 686 piissimam
442 591 712 664 misericordiam
740 594 915 687 indulgeat
936 593 996 665 tihi
1021 594 1187 667 Dominus
1208 593 1305 668 lesus
1325 595 1422 667 Clari·

107 703 183 767 aas
205 693 365 789 quicquid
387 692 560 788 deliquisti
582 716 646 787 per
671 716 797 766 vanum
820 698 1012 788 cogitatum.
1052 700 1109 788 lp.
1136 693 1299 791 nmen1)

210 795 269 867 Ad
290 796 400 888 podes.
453 804 618 883 Antequam
645 806 738 884 pedes
767 807 945 883 inungantur
964 806 1082 868 lnllrmo
1104 805 1251 868 Sacerdos
1270 815 1423 886 utrumque

107 903 217 987 pedem
237 906 301 965 eius
321 914 368 965 ter
382 896 537 982 'tangendo
557 907 633 966 trina
653 909 721 969 vice
740 906 830 969 dicat:
852 897 1048 970 innomine
1068 897 1147 972 lesu
1169 897 1293 971 Christi
1314 896 1423 969 Nana-

106 1000 185 1071 roni
208 1019 316 1089 surge
333 1007 368 1069 et
387 996 521 1069 ambula
543 1000 577 1068 in
597 1020 692 1092 pace.
733 1008 770 1070 Et
792 1019 897 1089 postea
918 1009 1050 1073 eiusdem
1071 1011 1163 1091 pedes
1184 1008 1356 1088 inungendo
1378 1009 1424 1070 luis

106 1107 211 1171 verbis
224 1116 331 1170 uratur.
363 1098 432 1170 Per
451 1102 548 1172 istam
567 1122 700 1172 sacram
721 1098 753 1192 ι
774 1104 970 1174 unctionem
990 1114 1024 1175 et
1045 1124 1143 1176 suam
1159 1104 1344 1197 piissimam
1363 1103 1423 1172 mi-

105 1199 331 1275 sericordiam
357 1200 532 1294 indulgeat
556 1201 617 1272 tibi
642 1203 810 1277 Dominus
836 1202 933 1278 lesus
957 1203 1131 1293 Christus,
1155 1201 1316 1299 quicquid
1339 1202 1423 1274 deli-

107 1303 211 1397 quisti
231 1324 294 1398 per
313 1303 486 1375 incessum
499 1301 625 1398 pedum
637 1315 775 1377 tuorum
789 1313 824 1376 et
837 1304 985 1379 libidinis
998 1306 1167 1379 ardorem.
1195 1309 1237 1397 lp.
1253 1304 1376 1376 Amen.
1387 1300 1445 1401 ²),

122 1418 125 1423 '
211 1411 406 1474 [lectionibus
425 1413 472 1474 lris
494 1412 639 1475 absolutis
662 1416 728 1477 dum
751 1416 847 1477 adhuc
860 1426 930 1477 ante
945 1416 1092 1478 ludrmum
1106 1416 1335 1493 stutsacerdos,
1356 1434 1423 1477 cru·

106 1533 174 1576 cern
188 1532 281 1593 super
298 1532 364 1575 eum
377 1514 467 1575 iaciat
480 1523 511 1576 et
525 1514 634 1576 denote
647 1516 739 1579 dicat:
759 1507 799 1578 ln
815 1510 952 1579 nomine
966 1507 1076 1583 Patris
1094 1505 1126 1599 ι
1145 1519 1178 1580 el
1196 1508 1274 1580 Filii
1292 1519 1328 1580 el
1346 1508 1422 1603 Spi-

107 1608 197 1679 ritus
224 1605 342 1677 Sancti
363 1608 406 1678 sit
427 1605 487 1677 tibi
513 1604 599 1677 haec
626 1611 740 1680 unctio
769 1608 839 1679 olei
864 1609 1062 1680 sanctificati
1086 1609 1129 1679 ad
1153 1608 1423 1703 purificationem

105 1709 233 1778 mentis
256 1715 290 1776 et
312 1709 469 1800 corporis
492 1717 527 1777 et
549 1711 697 1779 omnium
718 1709 968 1781 absolutionem
990 1709 1165 1804 culparum
1188 1707 1424 1802 custodiatque

106 1819 145 1879 to
172 1808 208 1877 in
228 1804 295 1879 hoc
317 1808 438 1879 seculo
465 1816 500 1878 et
520 1807 706 1880 in'iuluro.
744 1815 787 1903 Bu.
815 1808 938 1883 Amen
975 1818 1121 1881 Posthaec
1139 1835 1242 1880 manus
1263 1836 1331 1879 suas
1346 1818 1425 1879 lavet

105 1917 276 1993 Sacerdos,
291 1935 393 1997 aquam
408 1927 438 1978 et
451 1917 542 1979 salem
556 1918 718 1996 adhibens,
734 1939 827 2001 eaque
842 1939 905 1980 cum
921 1920 983 1982 lino
999 1938 1057 2001 quo
1072 1922 1159 1982 tersit
1173 1919 1303 1981 membra
1315 1918 1424 1980 luiirmi

106 2029 197 2082 uncta
222 2019 251 2078 in
273 2018 373 2094 ignem
394 2018 512 2080 abiiciat
532 2031 581 2081 aut
601 2038 704 2100 aquam
722 2022 926 2101 profluentem.
963 2023 995 2084 ln
1018 2023 1076 2083 line
1095 2031 1191 2083 autem
1206 2022 1374 2103 priusquam
1387 2019 1424 2081 alr

106 2128 235 2200 aegroto
253 2118 387 2180 discedat
388 2121 602 2200 ,aequantibus
617 2131 713 2183 utatur
727 2123 910 2186 orationibus
923 2124 959 2185 ad
972 2123 1053 2184 illum
1065 2122 1309 2187 benedicendum.

212 2209 368 2284 Oramus.
411 2211 558 2284 Domine
580 2223 699 2285 sancte
719 2214 833 2305 Pater,
856 2219 1071 2312 omnipotens
1091 2226 1233 2287 aeterne
1249 2213 1346 2287 Deus
1366 2218 1424 2309 qui

106 2337 149 2388 es
170 2315 241 2401 via,
262 2315 391 2386 veritas
410 2321 445 2384 et
462 2316 548 2401 vita,
571 2315 697 2387 exaudi
716 2338 793 2404 nos,
816 2338 987 2390 conserva
1005 2317 1169 2389 famulum
1185 2328 1281 2389 tuum
1300 2313 1423 2410 (tama

106 2408 179 2489 lem
203 2412 311 2511 tuam)
332 2411 378 2484 Ν.
408 2436 508 2509 pem
532 2411 664 2513 (quam)
691 2416 874 2490 ιιιιιιοιιειι
899 2429 934 2490 et
957 2417 1133 2490 redemisti
1157 2420 1271 2514 pretio
1296 2438 1422 2511 magno

105 2520 219 2594 amoti
239 2518 415 2609 sauguinis
439 2516 517 2588 Filii
542 2519 601 2587 tui.

212 2617 308 2689 Bene
328 2616 359 2710 ι
382 2617 473 2689 dicat
498 2628 532 2689 te
553 2618 648 2691 Deus
675 2629 772 2714 pater
798 2630 834 2693 et
854 2590 1024 2694 custodiat
1048 2628 1096 2707 te,
1119 2618 1284 2691 illuminet
1306 2617 1424 2689 Domi-

107 2740 194 2793 nus
191 2718 327 2791 faeiem
352 2741 448 2793 suam
479 2742 582 2816 super
609 2731 644 2791 te
669 2730 704 2792 et
730 2724 1019 2794 misereaturtui:
1051 2731 1230 2793 convertat
1257 2720 1424 2794 Dominus

108 2820 244 2894 vultum
268 2843 368 2895 suum
394 2820 436 2892 ad
459 2832 493 2894 te
521 2832 554 2893 et
577 2821 634 2894 det
660 2822 719 2893 tibi
737 2846 867 2918 pacem.
1427 2868 1432 2877 ·

214 2922 428 2995 Benedicere
455 2923 483 3017 †
509 2933 543 2995 et
570 2923 782 2997 sanctificare
809 2925 960 3018 digneris
981 2924 1127 2995 Domine
1146 2922 1310 2995 famulum
1331 2934 1425 2994 tuum

109 3014 414 3122 (famulaminum)
441 3021 631 3115 coelesti†
648 3025 894 3099 benedictione.
936 3025 975 3096 Ιιι
996 3029 1133 3098 nominc
1155 3026 1265 3099 Patris
1291 3033 1326 3098 et
1347 3025 1432 3096 Filii

109 3136 146 3198 et
164 3125 312 3222 Spiritus
337 3126 464 3198 Sancti.

213 3225 322 3300 Senot
342 3237 377 3299 te
397 3227 492 3300 Deus
519 3237 616 3322 pater
639 3232 873 3322 omnipotens:
897 3237 996 3300 sanet
1016 3238 1051 3299 te
1074 3226 1229 3300 Christus
1250 3227 1339 3301 filius
1357 3227 1425 3299 Dei

109 3331 185 3402 ιιιι
210 3328 446 3417 stultissimi,
471 3338 570 3401 sanet
594 3336 630 3400 te
657 3327 803 3423 Spiritus
829 3327 994 3403 Sanctus:
1027 3338 1149 3403 sanent
1173 3338 1209 3401 te
1232 3328 1365 3422 Angeli
1389 3337 1424 3400 et

108 3430 345 3525 Archangeli,
367 3439 489 3505 sanent
514 3440 549 3501 te
575 3429 794 3502 Patriarchae
821 3440 855 3502 et
881 3431 1095 3526 Prophetae,
1121 3441 1242 3504 sanent
1267 3441 1302 3504 te
1327 3430 1424 3526 Apo-

109 3534 191 3608 stoli
212 3542 247 3604 et
264 3531 450 3627 Martyres,
470 3540 600 3605 sanent·
613 3542 647 3603 te
663 3531 892 3607 Conlessores
913 3543 947 3604 et
962 3532 1136 3625 Virgines,
1157 3545 1278 3606 sanent
1297 3541 1332 3603 te
1353 3552 1424 3601 om·

108 3657 172 3708 nes
193 3632 312 3708 Sancti
338 3644 374 3706 et
392 3634 494 3705 electi
515 3632 581 3704 Dei
603 3633 646 3705 ab
673 3636 764 3704 omni
790 3633 926 3723 dolore,
948 3635 990 3706 ab
1019 3637 1109 3706 omui
1127 3635 1358 3718 tribulatione,
1381 3629 1423 3699 ab

110 3739 204 3810 omni
231 3735 442 3824 infirmitate,
470 3734 512 3806 ab
536 3737 627 3806 omni
648 3735 829 3828 languore,
855 3735 897 3807 ab
924 3738 1016 3809 omni
1042 3736 1245 3823 offensione,
1268 3733 1310 3804 als
1333 3733 1425 3802 omni

171 3974 203 4051 l)
219 3977 263 4035 Sa.
278 3977 307 4032 lu
319 3979 427 4035 nomiae
439 3984 492 4034 etc.
517 3977 597 4047 ngo
609 3982 704 4047 pectus
718 3981 789 4030 tuum
803 3973 838 4030 da
850 3976 914 4032 oleo
925 3983 1021 4033 sancto
1035 3983 1064 4031 ut
1077 3975 1129 4030 luae
1140 3972 1267 4030 unctione
1278 3974 1423 4044 perunctus

109 4060 222 4119 fortiter
236 4069 344 4119 certare
359 4063 451 4122 valeas
466 4062 598 4118 adversus
612 4074 707 4115 aereas
722 4064 856 4117 catervas.

173 4142 206 4220 2)
221 4147 265 4205 Sa.
287 4147 315 4202 lu
338 4147 446 4204 nomine
467 4154 519 4202 eto.
558 4143 663 4215 Accipe
684 4141 826 4198 sanitatem
847 4141 874 4196 in
896 4141 1004 4197 nomine
1019 4140 1124 4197 Domini
1144 4137 1231 4194 nostri
1248 4139 1308 4195 lesu
1324 4136 1424 4194 Christi

110 4246 198 4302 surge
217 4236 246 4286 et
264 4231 379 4288 ambula.
407 4232 437 4286 ln
450 4230 559 4287 nomine
573 4227 680 4283 Domini
696 4242 771 4296 ungo
786 4227 838 4282 hoe
852 4224 937 4297 pedes
951 4223 987 4280 de
998 4225 1062 4281 oleo
1072 4222 1236 4292 benedicto,
1257 4230 1285 4279 ur
1298 4220 1424 4295 quicquid

110 4314 251 4386 superduc
268 4316 313 4371 vel
329 4315 427 4371 nocivo
444 4315 552 4372 incessu
567 4313 775 4380 commiserunt,
796 4311 848 4367 ista
864 4309 974 4366 aboleat
988 4308 1140 4380 perunum.
1153 4337 1197 4349 --
1212 4307 1325 4381 Propria
1341 4305 1425 4363 luisse
1457 4328 1463 4335 ·

110 4398 497 4457 videtur-Rimalibuallalliae
518 4396 722 4455 acGenuauiae
743 4394 920 4453 occidentalis
938 4392 1053 4449 formula
1076 4391 1136 4447 illa:
1162 4391 1251 4464 Surge
1265 4398 1294 4449 et
1307 4391 1421 4449 ambula.

111 4482 206 4554 Neque
223 4490 311 4540 tamen
324 4484 456 4541 retinetur
465 4484 493 4541 in
504 4483 628 4553 Agendia
638 4480 810 4551 lloguntinis.
836 4477 953 4549 Agenda
965 4478 1037 4547 ldog.
1052 4476 1118 4531 1581
1130 4477 1205 4534 addit
1216 4476 1347 4536 cautelam
1357 4493 1424 4536 saue

112 4566 220 4625 unm:
234 4568 331 4640 Aegro
346 4568 467 4626 membro
479 4567 596 4640 quodam
610 4574 731 4634 amente,
745 4565 836 4621 unctio
850 4565 897 4621 liat
911 4563 945 4621 ad
960 4568 1051 4636 partes
1065 4562 1256 4636 proximiores.
