3046 4942
703 183 752 253 69

199 294 532 428 'carucarum
670 341 677 348 ·
776 336 779 344 ·
898 348 1241 426 uozaaarrous.

804 473 915 544 Ponat
937 472 1073 543 calicem
1097 496 1196 567 cuper
1225 498 1324 544 arom
1353 484 1386 545 et

752 579 901 670 accipiat
915 575 1058 668 filiolam
1077 570 1112 669 (i.
1128 599 1155 646 e.
1177 577 1283 648 natum
1303 576 1385 648 cali

751 677 819 775 cic)
845 683 918 750 cine
938 681 1199 771 sanctificatione
1226 689 1259 751 et
1279 689 1385 774 ponat

750 805 851 874 caper
862 781 998 852 calicem
1011 783 1148 853 dicendo
1159 783 1228 852 cic:

642 968 646 975 Ι
750 883 847 954 Hanc
866 881 1074 955 oblationem
1090 903 1297 977 quaesumus
1313 880 1384 954 Do-

750 989 841 1059 mine
854 985 1009 1080 placatus
1023 985 1161 1056 admitto
1179 995 1214 1056 et
1234 987 1384 1056 omnium

748 1089 963 1162 offerentium
973 1077 1105 1178 eorum,
1120 1108 1183 1182 pro
1194 1086 1315 1181 quibus
1324 1087 1384 1158 tihi

750 1191 1054 1285 offertur‚pcccata
1068 1188 1383 1285 indulgcpchhri-

748 1303 839 1368 stum
858 1290 1040 1362 Dominum
1060 1303 1223 1366 nostrum.
1257 1291 1379 1363 Amen.
1510 1373 1513 1378 ,

800 1396 846 1469 Et
867 1395 958 1467 dicat
983 1399 1100 1469 innotis
1123 1394 1273 1468 naama
1288 1394 1380 1467 iacti-

748 1498 861 1571 nando
878 1521 934 1569 ce:

799 1597 841 1667 ln
860 1599 981 1692 spiritu
1000 1597 1197 1671 humilitatis
1215 1608 1250 1668 et
1263 1600 1298 1669 in
1311 1601 1382 1670 ani-

750 1720 807 1770 mo
829 1699 976 1768 contrito
995 1700 1220 1793 suscipiamur
1236 1699 1383 1770 Domine

751 1823 772 1871 a
784 1808 819 1872 tc
834 1807 868 1870 ci
882 1800 932 1872 sic
942 1797 999 1869 fiai
1008 1798 1384 1890 sacrificiumnosirum

751 1910 788 1973 ui
806 1910 874 1972 ate
888 1902 1114 1997 suscipiamur
1127 1900 1242 1992 hodie,
1261 1911 1298 1974 ui
1310 1903 1383 1999 pla-

751 2001 1062 2076 ccaiiihiltomine
1077 2004 1183 2076 Deus.
1216 2093 1218 2096 y

800 2103 891 2177 Veni
901 2115 1019 2181 sancte
1027 2102 1186 2200 Spiritus,
1194 2105 1383 2179 sanctifica-

640 2220 644 2227 '
747 2216 817 2298 tor,
835 2206 1009 2281 sanctifica
1029 2207 1097 2279 hoc
1115 2207 1319 2282 sacrificium
1338 2207 1382 2279 dc

750 2309 906 2404 manibus
923 2313 1009 2382 meis
1023 2309 1083 2382 tihi
1095 2321 1345 2406 praeparatum.

801 2413 867 2484 Hic
881 2423 988 2506 ponat
997 2412 1380 2484 incenaamintlmm'lmta

750 2518 1156 2608 etincemetcacrificinm,
1169 2518 1200 2584 ci
1209 2516 1380 2607 placuerit.

749 2617 872 2689 Postea
884 2617 1017 2687 inclinet
1032 2639 1070 2687 ae
1082 2615 1249 2687 Sacerdos
1268 2619 1303 2685 in
1315 2634 1380 2685 me-

750 2721 838 2790 diam
849 2718 983 2790 Allucio
993 2720 1109 2790 innan
1121 2716 1271 2788 manibus
1286 2727 1319 2788 et
1330 2716 1379 2786 di·

749 2830 806 2894 cat
815 2823 888 2892 alta
900 2842 1000 2892 occe:

799 2921 975 2994 Adiuvaic
987 2943 1043 2992 mc
1056 2919 1181 2993 fratros
1199 2922 1233 2991 in
1254 2921 1380 2990 oratio-

748 3026 847 3098 nibus
860 3026 986 3099 vestris
1009 3032 1049 3094 ci
1065 3031 1162 3095 orate
1183 3042 1247 3118 pro
1261 3042 1317 3092 mc
1335 3020 1377 3093 ad

747 3128 869 3199 Deum.

798 3234 841 3321 ip.
869 3226 1022 3300 Adiuvat
1043 3234 1077 3297 ie
1091 3224 1193 3297 Pater
1215 3235 1250 3297 et
1270 3224 1377 3298 Filius

747 3342 782 3404 ci
796 3330 942 3427 Spiritus
957 3338 1104 3403 sancius.

795 3434 925 3529 Deinde
945 3432 1024 3504 dicit
1042 3431 1168 3503 Cinorus
1188 3428 1377 3503 Sacrifi-

746 3539 879 3626 cium,
900 3535 1135 3630 Antiphonem,
1150 3534 1303 3606 Romarm
1319 3532 1377 3624 Of-

743 3643 885 3733 sertorio
895 3637 1033 3711 similem
1054 3647 1088 3711 et
1104 3639 1240 3730 aimrdic
1258 3633 1379 3727 officiii

741 3745 923 3837 propriam.
959 3740 1001 3812 ln
1017 3742 1200 3813 Nativitate
1224 3736 1377 3810 Domini:

745 3844 916 3917 Paruulus
934 3852 1101 3918 natusest
1118 3839 1220 3940 ¹nobis
1240 3833 1376 3907 atilius

746 3948 844 4020 datus
859 3955 912 4020 esi
924 3943 1023 4018 nohis
1042 3954 1076 4016 et
1094 3943 1205 4014 iactus
1220 3947 1273 4011 esi
1285 3939 1377 4032 prin-

734 4052 878 4144 'cipaius
898 4050 971 4121 cius
986 4067 1091 4141 super
1107 4041 1268 4116 humeros
1289 4042 1373 4115 eius.

745 4147 898 4221 Alleluia
913 4149 1075 4221 Alleluia.

799 4251 862 4323 Hic
874 4254 1018 4345 accipiat
1028 4247 1195 4321 Sacerdos
1206 4269 1329 4342 aquam
1340 4250 1376 4317 in

745 4353 896 4428 mnino
903 4361 936 4423 et
944 4351 1165 4423 dicatnilantio
1177 4374 1276 4446 caper
1283 4349 1374 4422 obla

745 4454 1199 4548 cenomannici-ramim:
