3046 4942
793 342 884 415 482·
930 330 933 340 ’

283 535 322 600 Ει
342 536 408 599 reia
427 536 492 617 ipsu
510 552 585 617 aqua
599 494 909 617 henedictaaepergtt.
949 533 1097 598 Poethaec
1109 542 1191 598 amns
1208 533 1327 613 adhue,
1349 542 1473 617 utsupra,
1511 582 1513 587 .

181 639 320 703 Pontifex
334 638 484 700 benedicit
496 637 639 717 anuuioa,
654 638 769 701 diceus:

283 747 439 822 Oremus.
485 746 680 821 Creatoret
699 758 925 821 conservator
944 746 1080 819 humaui
1099 748 1257 841 generis,
1277 745 1372 817 dator
1387 746 1474 841 spiri

179 851 282 926 tualis
310 861 345 923 et
369 852 513 946 largitor
539 851 708 923 humanae
724 851 857 942 salutis,
874 860 912 922 tu
929 850 1076 924 Domine
1097 853 1213 921 emitte
1234 848 1473 943 bene-idiotio

179 976 258 1027 uem
289 964 380 1026 tuam
408 975 513 1050 super
539 953 602 1027 hos
626 955 789 1043 annulos,
818 963 855 1026 ut
880 976 969 1051 quae
993 975 1056 1027 eos
1082 954 1320 1047 gestaverint,
1349 950 1473 1023 coelesti

178 1060 305 1129 virtute
335 1057 483 1128 munitae
508 1055 609 1127 iidem
636 1058 821 1149 integram,
851 1055 1114 1151 fidelitatemque
1143 1057 1319 1129 sinceram
1343 1062 1469 1145 teneant,

178 1163 267 1234 sicut
286 1181 435 1255 sponsae
457 1155 583 1232 Christi
604 1161 808 1252 virginitatis
826 1161 1040 1255 propositum
1061 1157 1258 1232 custodiant
1280 1167 1316 1228 et
1337 1158 1471 1230 incasti

178 1271 248 1335 tate
273 1272 440 1358 perpetua
466 1270 700 1356 perseverent.
751 1261 820 1334 Per
845 1259 924 1333 Chr.
1457 1292 1460 1303 ·

280 1388 318 1450 Et
337 1408 411 1471 aqua
430 1374 661 1452 senecionem
683 1380 823 1470 aspergit.
863 1388 935 1451 'ium
956 1370 1037 1451 stane
1051 1386 1145 1451 adhuc
1157 1384 1226 1450 sine
1239 1389 1328 1450 mitra
1342 1387 1467 1464 Pontiier,
1508 1394 1513 1471 t

178 1490 327 1553 benedicit
340 1501 476 1573 torques,
493 1494 561 1554 eive
575 1509 700 1555 coronas
715 1491 832 1552 dicens:

281 1598 436 1674 Oremus.
487 1600 695 1695 Bene†dic
717 1601 865 1674 Domine
891 1609 1088 1672 ornamenta
1114 1602 1178 1674 ista
1202 1609 1239 1671 et
1263 1608 1397 1696 praesta
1418 1618 1468 1692 ptr

81 1747 83 1759 »
177 1705 429 1775 invocationem
448 1707 497 1776 tui
518 1707 663 1778 nominis
683 1712 719 1776 ut
739 1700 963 1799 quaecunque
983 1725 1024 1774 ea
1041 1704 1258 1799 portaverint
1281 1705 1311 1775 si
1330 1702 1386 1773 tihi
1403 1699 1469 1770 hde-
1509 1694 1513 1751 i

176 1807 254 1877 liter
273 1807 476 1895 servierint,
499 1827 675 1896 coronam,
702 1829 802 1901 mam
823 1807 883 1877 illa
905 1806 1152 1898 designantia
1177 1804 1282 1876 cocio
1309 1805 1468 1900 percipere

176 1917 380 1979 mereantur.
431 1907 497 1994 Qui
520 1913 556 1979 iu
582 1908 746 1981 Trinitate
769 1908 923 2005 perfecta
949 1911 1038 1982 vivis
1058 1917 1093 1978 et
1112 1928 1242 2001 regnas
1264 1924 1325 1978 etc.

277 2035 392 2099 Deinde
413 2054 464 2098 eus
477 2056 551 2118 aqua
567 2037 720 2100 benedicta
734 2039 875 2117 aspergit
912 2035 966 2098 His
980 2035 1126 2115 expietis,
1147 2036 1302 2114 virgines,
1323 2031 1468 2094 benedictis

173 2137 319 2216 vestibus,
334 2141 470 2219 exceptis
483 2139 571 2218 velie,
585 2139 714 2215 indutae,
729 2138 817 2201 binae
831 2138 959 2200 ethicae
973 2139 1101 2200 seriatim
1114 2138 1243 2199 redeunt
1257 2136 1292 2199 ud
1301 2135 1467 2210 Pontificem,

176 2247 325 2300 eanmmes
354 2240 603 2321 Respoueonun:
629 2230 792 2324 Regnum
811 2231 927 2303 muudi
953 2241 987 2303 et
1012 2253 1145 2304 omnem
1171 2242 1333 2303 ornatum·
1348 2226 1466 2300 nemu

175 2320 340 2404 contemsi
365 2342 507 2430 propter
533 2355 684 2431 amorem
706 2322 843 2405 Domini
867 2336 976 2407 nostri
1001 2333 1080 2408 lesu
1107 2331 1247 2420 Christi,
1274 2353 1368 2431 quam
1390 2327 1467 2415 vidi,

175 2454 275 2528 quem
307 2437 439 2523 amavi,
472 2438 507 2507 iu
534 2457 634 2532 quem
658 2436 809 2526 credidi,
851 2458 951 2532 mem
978 2436 1092 2509 dilexi.
1146 2440 1190 2529 lb.
1218 2434 1394 2507 Eructavit
1415 2454 1468 2502 cor

173 2556 286 2607 meum
305 2538 450 2609 verbum
471 2537 610 2628 honum,
634 2538 709 2611 dico
731 2532 799 2632 ego
819 2560 926 2635 opera
947 2560 1022 2610 meu
1040 2542 1126 2631 regi.
1163 2537 1277 2624 Quem
1297 2534 1367 2610 vidi
1405 2543 1468 2605 tun

174 2648 370 2728 disponuntur
388 2668 405 2710 a
426 2651 633 2731 paranymphis
652 2659 721 2711 aute
741 2650 834 2711 uitare
852 2649 1031 2728 genuhenae
1051 2654 1148 2717 coram
1163 2650 1310 2713 Pontihce
1323 2652 1353 2709 in
1369 2647 1466 2710 modun

175 2767 321 2828 coronae,
341 2751 470 2814 vultibus
484 2751 628 2815 demissis.
667 2752 806 2814 Pontiiex
819 2769 893 2814 vero
907 2755 1018 2832 surgit,
1036 2754 1120 2816 mitra
1134 2753 1267 2835 deposita
1284 2760 1317 2813 et
1328 2747 1465 2813 remusad

173 2851 324 2913 obedivit:
1101 2900 1103 2905 .

275 2959 430 3034 Oremus.
483 2961 632 3058 Respice
657 2960 804 3033 Domine
828 2963 993 3059 propitius
1021 2984 1124 3060 super
1149 2964 1212 3038 has
1236 2962 1386 3039 famulas
1407 2974 1467 3036 tuas

172 3072 209 3135 ut
227 3072 368 3164 sauctae
389 3067 592 3158 virginitatis
612 3068 842 3161 propositum,
871 3066 961 3163 quod
980 3075 1015 3138 te
1035 3068 1221 3164 inspirante
1243 3076 1468 3166 susceperuut,

170 3176 205 3238 te
224 3166 436 3259 gubernante
463 3167 662 3242 custodiant.
715 3168 783 3240 Per
803 3167 901 3239 Dom.

273 3294 390 3357 Deinde
417 3296 488 3359 dicit
515 3297 705 3378 competenti
722 3315 798 3360 voca
827 3296 959 3359 extensis
985 3296 1117 3359 manibus
1147 3306 1216 3359 aute
1238 3307 1346 3380 pactus
1365 3295 1465 3360 Praeiu-

170 3397 296 3458 tioaem:
974 3422 976 3427 ’
1122 3435 1125 3439 -

273 3488 340 3560 Per
367 3491 477 3560 omnia
504 3512 594 3564 saec.
631 3491 753 3562 Amen.
805 3492 971 3565 Dominus
997 3491 1076 3563 vob.
1128 3492 1173 3564 Et
1199 3516 1290 3566 oum.
1338 3491 1466 3578 Sursum

168 3590 284 3664 corda.
326 3590 508 3664 Habemus.
551 3589 684 3667 Gratias
706 3615 856 3688 agamus.
901 3594 1058 3688 Dignum.
1100 3593 1195 3668 Vere
1216 3596 1358 3691 dignum
1378 3604 1409 3666 et
1422 3597 1463 3663 iu-

166 3705 258 3767 stum
278 3703 331 3766 est
353 3712 409 3764 eto.
432 3704 572 3766 aeterne
592 3695 699 3786 Deus,
722 3706 893 3770 castorum
911 3694 1101 3793 Corporum
1122 3697 1296 3791 benignus
1313 3700 1461 3772 habitator

167 3805 205 3866 et
222 3799 494 3891 incorruptarum
507 3796 603 3870 Deus
620 3808 753 3870 amator
770 3800 967 3888 animarum,
986 3801 1043 3894 qui
1059 3798 1241 3873 humanam
1258 3802 1463 3876 substantiam

167 3899 320 3994 inprimis
343 3898 534 3972 hominibus
556 3899 723 3975 diabolica
742 3900 863 3974 fraude
884 3904 1046 3988 vitiatam,
1067 3905 1113 3974 ita
1134 3906 1170 3974 iu
1191 3906 1306 3978 verbo
1322 3916 1393 3991 tuo,
1408 3921 1465 3996 per

166 4000 260 4092 quod
286 4003 398 4072 omnia
419 4001 618 4093 factasunt,
638 4025 791 4099 reparas,
813 4014 851 4076 ut
876 4027 953 4076 eam
972 4026 1042 4076 nou
1062 4005 1173 4078 solum
1194 4007 1240 4078 ad
1260 4012 1391 4104 primae
1408 4005 1467 4075 ori-

166 4104 257 4191 ginis
283 4105 510 4176 innocentiam
535 4127 684 4187 revooes
711 4107 772 4179 sed
798 4109 899 4179 etiam
921 4107 966 4179 ad
988 4111 1236 4204 experientiam
1257 4122 1466 4183 aeternorum

166 4199 346 4294 honorum,
374 4229 463 4302 quae
483 4230 579 4281 novo
601 4211 636 4279 in
657 4210 797 4282 saeculo
816 4219 895 4284 sunt
915 4209 1083 4300 habenda,
1104 4211 1277 4307 perducas
1300 4225 1337 4285 et
1358 4211 1467 4284 obstri-

166 4312 239 4375 etas
264 4307 375 4378 adhuc
401 4311 597 4385 conditione
622 4313 832 4402 mortalium,
862 4312 1000 4384 iamed
1025 4314 1278 4387 similitudinem
1304 4313 1468 4411 provehas

164 4400 398 4498 Angelorum
421 4417 553 4508 respice
573 4414 719 4487 Domine
739 4436 843 4509 super
863 4414 925 4488 has
945 4415 1089 4490 famulas
1107 4427 1195 4507 bras,
1215 4438 1308 4512 quae
1324 4423 1361 4491 iu
1377 4436 1468 4490 mauu

164 4513 223 4576 tua
243 4514 470 4584 continentiae
487 4536 572 4588 suaa
587 4518 801 4614 propositum
817 4517 1042 4610 collocantes,
1058 4519 1119 4592 tibi
1138 4520 1365 4596 devotionem
1381 4539 1469 4597 suam

164 4607 323 4700 offerant,
344 4634 366 4686 a
386 4636 454 4710 quo
475 4625 509 4689 et
529 4621 627 4714 ipsae
648 4630 731 4694 vota
751 4632 991 4698 assumserunt
1032 4620 1330 4709 Quomodo-anim
1345 4628 1470 4698 eninm
