3046 4942
108 476 326 566 oratione-pro
339 485 489 549 Ordinatio
507 495 538 551 ct
552 487 740 555 ordinandis.
772 491 831 553 Per
848 507 936 552 ιιιιιι
951 462 1199 555 cisternarum
1212 492 1428 558 nosternon·

108 589 189 651 natis
207 588 349 651 recitatur
361 587 506 670 Epistola.
534 589 599 665 Qua
618 590 699 655 linita
717 593 814 669 surgit
825 592 858 654 P.
874 601 905 655 ot
925 591 1040 655 accedit
1061 592 1097 655 ad
1117 594 1310 659 laldlstorium
1330 605 1361 659 ot
1379 596 1423 658 ibi

109 690 208 753 κιαι.
240 694 277 753 ιι.
298 690 418 753 clamat:
445 683 624 754 Accedant
645 686 703 777 qui
727 684 906 758 ordinandi
933 685 1078 758 suntad
1111 686 1345 760 Diaconatum
1385 696 1424 759 ιιι

109 810 183 861 mox
206 793 378 871 singulatim
405 795 593 856 nominantur
615 794 695 857 nulla
723 805 820 859 ιιιιιιιι
845 796 923 858 iacta
948 797 1101 859 mentione
1120 796 1159 859 de
1181 796 1278 859 titulo.
1317 798 1402 861 llis
1392 816 1424 861 ιιι

109 894 229 957 modam
243 911 376 956 coronae
388 912 487 957 coram
500 895 645 959 Pontiflcc
658 897 839 975 genuflexis,
853 898 889 959 Α.
904 896 1034 959 offerens
1046 898 1117 960 illos
1131 898 1270 961 Pontifici
1281 899 1366 983 ιιιιιι

205 960 518 1061 Reverendissim'c
542 988 663 1077 Pater,
686 991 837 1085 postulat
856 1002 973 1064 sancta
996 1001 1106 1067 mater
1132 991 1283 1063 ecclesia
1306 972 1425 1065 calbo·

110 1089 200 1176 lica,
226 1099 264 1160 nt
292 1088 357 1161 bos
384 1100 587 1186 praesentes
617 1088 858 1183 subdiaconos
888 1078 932 1165 ad
957 1114 1045 1165 onus
1074 1093 1222 1167 Diaconi
1247 1094 1421 1167 ordinetis.

98 1199 142 1267 .Ρ.
157 1198 323 1277 intr‘rrogat
337 1199 452 1263 dicens:
480 1191 558 1265 Scis
581 1192 662 1265 illos
684 1194 815 1314 dignos
840 1194 965 1278 ossei·
983 1203 1228 1286 Respondctdn
1254 1194 1424 1281 Quantum

110 1284 256 1364 bumana
275 1291 443 1384 fragilitas
460 1315 569 1367 nosse
591 1296 672 1367 sinit
689 1305 725 1367 et
746 1298 820 1369 scio
841 1305 876 1368 et
898 1294 1095 1370 testificor
1085 1316 1186 1393 upsos
1198 1295 1322 1390 dignos
1341 1318 1422 1375 esse

108 1393 154 1464 ad
175 1395 274 1467 huius
296 1415 384 1467 onus
408 1394 540 1467 officii..
556 1402 639 1465 Etl’.
652 1404 725 1469 dicit
738 1397 816 1470 Deo
830 1401 968 1490 gratias.
997 1406 1037 1469 lit
1048 1416 1119 1469 tunc
1131 1408 1244 1489 populo
1257 1408 1422 1473 annuntiata

106 1497 308 1567 Auxiliante
325 1513 384 1568 etc.
405 1537 442 1548 -
462 1495 666 1570 conditionis
679 1518 765 1571 suae
775 1516 807 1569 ut
821 1526 851 1589 p.
863 1503 938 1571 ιιι
970 1562 978 1577 .
1050 1566 1053 1573 .
1142 1570 1149 1577 .

128 1600 137 1617 ’
176 1607 252 1679 lit
269 1605 483 1686 iacta-aliquali
503 1624 604 1683 mora,
627 1607 660 1669 Ρ.
676 1617 857 1671 convertens
873 1622 1042 1673 sermonem
1059 1628 1143 1671 ouum
1164 1611 1202 1672 ad
1221 1610 1422 1689 ordinandos,

106 1706 435 1770 admonetomdiccur:
449 1696 749 1787 Provebeirdi‚tilii
762 1700 987 1789 dilectissimi,
1000 1699 1423 1789 adLeviticnnrordinenu,

107 1803 262 1891 cogitate
276 1810 500 1918 magnopere,
520 1799 563 1871 ad
581 1810 742 1892 ιιιιιιιιιιιιι
761 1801 905 1892 gradum
923 1802 1094 1881 ecclesiae
1111 1802 1305 1875 ascenditis.
1340 1803 1422 1875 Diu

106 1923 236 1972 conum
261 1902 351 1972 enim
378 1909 514 1995 oporiet
537 1903 732 1975 ministrare
748 1902 791 1973 ad
819 1902 939 1992 altare,
960 1902 1137 1999 baptizare
1154 1913 1190 1975 et
1209 1903 1424 1999 praedicare

106 1995 238 2075 S‘ane
228 2023 263 2073 m
278 2005 390 2073 veteri
412 2002 492 2094 lege
513 2025 560 2074 ex
583 2002 764 2076 duodecim
781 2025 850 2075 nna
867 2005 974 2077 tribus
992 2004 1078 2077 Levi
1100 2005 1211 2076 electa
1236 2014 1308 2093 est,
1332 2027 1421 2099 quae
1454 2008 1459 2017 '

94 2104 250 2200 ¹speciali
270 2104 457 2176 devotione
476 2100 699 2201 tabernaculo
714 2104 781 2177 Dei
805 2107 948 2201 eiusque
968 2104 1145 2181 sacrificiis
1165 2109 1231 2179 ritu
1250 2118 1420 2227 perpetuo
1461 2134 1467 2141 ·

107 2207 310 2279 deserviret.
364 2203 540 2299 Tantaque
558 2205 735 2298 dignitas
724 2208 976 2303 upsiconcessa
998 2219 1071 2297 est,
1096 2207 1188 2303 quod
1211 2209 1327 2281 nullus
1352 2209 1420 2281 nisi
1451 2242 1457 2253 =

108 2331 154 2380 ex
173 2310 248 2380 eius
263 2309 371 2403 stirpe
392 2306 436 2380 ad
456 2306 608 2380 divinum
623 2308 719 2381 illum
736 2309 865 2383 cultum
881 2319 985 2405 atquo
1002 2309 1151 2383 officium
1167 2313 1420 2385 ministraturus

108 2420 324 2503 assurgeret:
346 2408 435 2480 adeo
457 2419 495 2480 ut
513 2409 635 2502 grandi
651 2408 798 2505 quodam
816 2411 1001 2508 privilegio
1018 2411 1237 2485 baereditatis
1257 2423 1291 2485 et
1301 2412 1419 2485 tribus

108 2512 244 2582 Domini
261 2507 342 2583 esse
364 2521 556 2583 mereretur
573 2519 608 2584 et
626 2512 710 2584 dicia
734 2533 881 2606 qnorum
902 2511 1024 2601 lodie,
1047 2511 1359 2599 immanissimi,
1384 2522 1419 2583 et
1448 2568 1453 2575 .

108 2635 234 2689 nomen
253 2622 287 2684 et
305 2611 456 2684 officium
469 2614 605 2701 tenetis,
622 2604 700 2710 quj'a
717 2615 752 2685 in
765 2615 988 2695 ministerium
1008 2607 1220 2686 tabernaculi
1235 2616 1420 2685 testimonii

109 2719 128 2787 i.
144 2738 174 2787 e.
193 2702 366 2798 ecclesiae
384 2713 452 2785 Dei
473 2715 666 2808 eligimini
657 2737 691 2786 m
709 2714 866 2789 Levitico
882 2713 1010 2836 officio,
1029 2730 1117 2810 quae
1133 2737 1270 2810 semper
1288 2718 1321 2785 in
1339 2737 1417 2809 pro

107 2819 231 2888 cinctu
244 2819 376 2910 posita,
395 2816 596 2889 incessabili
614 2838 735 2914 pugna
754 2828 874 2903 contro
894 2819 1051 2893 inimicos
1073 2817 1226 2904 dimicat,
1254 2816 1345 2889 unde
1372 2820 1433 2888 ait-

105 2918 316 3014 Apostolus.
346 2916 427 2989 Non
445 2928 505 2995 est
520 2917 620 2991 nobis
647 2919 846 2993 colluctatio
870 2919 1203 3013 adversusoarncm
1223 2928 1258 2989 et
1279 2921 1416 3010 sangui·
1461 2956 1466 2965 ·

104 3042 205 3107 nem,
223 3018 287 3090 sed
306 3018 475 3091 adversus
493 3023 664 3117 principes
681 3030 729 3093 et
735 3031 947 3116 potestates,
972 3002 1140 3093 adversus
1167 3020 1289 3101 mundi
1304 3030 1417 3092 recto-

104 3143 192 3220 res,
198 3118 417 3192 tenebrarum
442 3116 579 3211 baram
598 3133 718 3193 contra
737 3123 926 3216 spiritualia
948 3124 1149 3218 nequitiae
1140 3144 1174 3193 ιιι
1185 3120 1416 3197 coelestibus.
1445 3193 1451 3203 ,

105 3209 216 3309 Quam
239 3220 423 3295 ecclesiam
436 3220 516 3312 Dei,
535 3222 636 3296 velut'
654 3224 923 3313 tabernaculum,
947 3235 1087 3319 portare
1106 3234 1141 3296 et
1159 3226 1290 3296 munire
1314 3223 1416 3296 debc-
1438 3315 1445 3327 ι

104 3329 147 3398 tis
162 3333 286 3397 ornatu
299 3333 432 3415 sancto,
448 3326 647 3421 praedicatu
661 3324 791 3415 divino,
808 3327 971 3422 exemplo
992 3324 1157 3421 perlecto
1190 3324 1277 3397 Levi
1292 3328 1418 3443 qnippe

104 3430 347 3522 interpretatur
368 3426 503 3500 additus
529 3430 606 3499 sive
628 3439 833 3524 assumptus.
885 3428 931 3501 Et
956 3449 1022 3501 vos
1039 3425 1099 3499 filii
1118 3428 1341 3515 dilectissimi,
1361 3429 1416 3520 qui

105 3528 147 3600 ab
166 3526 378 3599 haereditate
394 3537 537 3647 paterna
551 3548 678 3600 nomen
695 3532 859 3626 accipitis,
874 3539 986 3604 estote
1004 3532 1179 3625 assumpti
1187 3553 1206 3600 a
1224 3527 1417 3600 carnalibus

103 3629 299 3718 desideriis,
313 3651 332 3699 a
348 3630 495 3701 terrenis
511 3632 809 3728 concupiscentiis,
819 3655 907 3731 quae
921 3631 1063 3705 militant
1077 3631 1244 3704 adversus
1260 3635 1417 3716 animam,

104 3741 219 3805 estote
246 3722 363 3821 nitidi,
384 3728 519 3823 mundi,
545 3734 640 3830 puri,
670 3734 755 3807 casti
787 3736 875 3806 sicut
900 3735 1001 3806 decet
1027 3735 1200 3811 ministros
1233 3728 1370 3802 Christi·
1384 3739 1419 3800 et

104 3833 363 3930 dispensatores
385 3836 630 3929 mysteriorum
655 3834 740 3926 Dei,
777 3846 815 3908 ut
842 3836 945 3931 digne
970 3835 1139 3909 addumini
1166 3834 1209 3906 ad
1239 3852 1418 3905 numerum

105 3936 334 4009 ecclesiastici
355 3935 503 4027 gradus,
526 3945 564 4009 ut
589 3936 782 4011 baereditas
808 3949 843 4011 et
866 3939 975 4013 tribus
998 3937 1153 4011 amabilis
1174 3935 1312 4008 Domini
1337 3958 1418 4009 essa

103 4039 314 4131 mereamini.
367 4034 412 4109 ln
430 4039 509 4133 quia
529 4041 751 4113 comministri
771 4050 808 4113 et
827 4051 1077 4138 cooperatores
1101 4040 1184 4111 estis
1203 4041 1361 4135 corporis
1384 4050 1419 4111 ct

102 4141 281 4234 sauguinis
298 4138 456 4230 Domini,
482 4148 595 4214 estote
617 4140 660 4215 ab
680 4144 772 4235 omni
790 4144 956 4215 illecebra
981 4144 1094 4214 carnis
1114 4141 1238 4231 alieni,
1260 4145 1348 4215 sicut
1372 4146 1419 4214 ait

102 4238 300 4338 scripturae
332 4238 541 4317 Mundamini
567 4245 625 4341 qui
651 4244 751 4320 fertis
782 4268 868 4320 vasa
894 4246 1041 4318 Domini.
1093 4241 1251 4339 Cogitate
1281 4246 1417 4319 boatum

103 4394 313 4411 -n-——u-
351 4392 355 4399 ¹

102 4477 182 4534 sione
195 4480 328 4536 meruisse
345 4480 480 4543 obtinere.
515 4474 580 4540 nint
596 4491 649 4554 est,
669 4500 740 4556 (prae
759 4500 829 4541 nuno
844 4489 1016 4557 peraguntur
1027 4481 1062 4539 ιιι
1072 4469 1218 4543 ‘tredendo
1237 4468 1417 4557 iiplstolarnnu
1439 4468 1442 4475 ¹

103 4558 380 4636 libro'caerimoniao,
389 4560 552 4637 ignarabtnr
563 4567 635 4641 apud
649 4575 768 4624 ratores.
862 4574 870 4587 '
