3046 4942
755 203 780 272 8

103 401 206 464 italice
220 399 284 479 111,
307 399 467 461 inclinante
483 396 521 459 ad
537 398 624 459 linem
637 400 757 460 saeculo
773 400 888 478 quinta,
905 395 1138 458 consarcinatum
1151 411 1220 455 esse
1241 393 1279 454 ab
1299 393 1420 456 bomine
1440 468 1443 473 .

51 578 58 589 .
104 503 243 585 quodam,
258 503 318 581 qui,
338 519 537 582 quascumque
553 502 720 580 reperisset
734 501 893 562 Orationes
908 496 1160 595 etOPraeiationcs
1176 495 1214 557 ab
1232 497 1299 575 ipso
1320 496 1422 560 Leone

105 607 230 685 eiusque
244 598 526 685 p'raedecessoribus
541 603 703 680 coniectas,
719 605 748 663 ia
764 622 851 663 unum
866 601 998 662 codicem
1012 600 1148 675 coegerit
1168 609 1201 671 (ti
1222 597 1343 678 (laidem
1356 602 1422 663 sine

104 709 266 787 exquisito,
276 725 361 785 quem
370 707 414 766 rei
423 705 875 784 gravitasexposcebat,ordiue.
888 700 1421 779 EstigiturBlaucbiaiicodexretus·
1461 714 1466 726 ·

90 788 377 887 ,ιίιιίιιιιιεόιιιιιίιιιιι
392 807 441 884 qai
455 803 652 881 habentur*):
667 808 762 866 minus
778 816 873 867 tamen
881 804 916 867 ad
925 812 1045 864 nostros
1053 803 1270 889 magontiaca,
1285 806 1421 883 quoniam

105 910 212 973 desunt
225 909 418 986 grauissimae
436 917 554 986 partes,
570 907 650 968 Ordo
666 917 697 968 et
711 906 810 970 Ganou
830 907 948 969 blissae.
976 901 1170 965 Rauennae
1191 900 1420 985 (Deulrraitrdig-

104 996 203 1074 oben
216 1015 272 1070 etc.
286 1008 348 1087 lv,
366 1005 396 1069 3.
410 1027 439 1088 p.
455 1003 520 1085 17.)
535 1010 572 1070 iis
585 1027 620 1069 se
633 1008 775 1088 adiungit,
791 1012 841 1089 qui
861 1027 922 1071 non
935 1007 1069 1067 dubitant
1087 1007 1158 1085 quin
1169 1005 1228 1091 hac
1241 1007 1347 1068 lacuna
1368 1027 1419 1069 ex·

105 1113 188 1194 pleta
212 1110 315 1173 Gaaon
335 1111 369 1173 S.
383 1110 861 1188 beouisgeuuiuusinr'entussit.
881 1092 985 1172 'amru
1003 1109 1081 1169 enim
1098 1109 1128 1168 in
1139 1106 1250 1169 Codice
1264 1108 1439 1188 Vaticanus·

105 1215 311 1276 Bibliothecae
326 1221 396 1293 post
414 1213 563 1274 homiliam
578 1213 610 1273 S.
631 1213 739 1276 leonis
764 1214 911 1276 Praelatio
932 1221 964 1272 et
982 1208 1084 1273 Gaaon
1103 1208 1230 1287 Iliacae,
1254 1227 1342 1289 quem
1368 1230 1435 1272 una·

108 1335 173 1378 cum
192 1316 313 1377 bomilia
325 1315 435 1377 Leonis
459 1333 527 1376 esse
547 1333 602 1403 pro
625 1325 708 1376 certo
723 1315 825 1377 habuit
845 1310 1136 1390 cmcrartsr,.baau
1160 1311 1282 1389 sobrio,
1304 1314 1422 1392 opinor,

106 1436 177 1478 usus
190 1418 310 1481 iudicio.
349 1417 448 1478 Verba
461 1416 585 1498 dicoque
602 1423 724 1478 rtortror
740 1417 773 1477 ira
790 1434 870 1494 poce
889 1422 945 1476 ras
963 1414 1136 1492 disponam.
1154 1431 1230 1493 quae
1247 1411 1424 1499 Gregoriam

108 1517 221 1581 Ganoni
235 1502 385 1580 adiecisse
393 1521 558 1598 scriptores
571 1536 629 1579 uno
650 1538 704 1580 ore
720 1518 848 1595 traduat,
863 1517 1002 1594 liturgiae
1019 1518 1129 1577 inserta
1147 1514 1246 1577 rides:
1273 1516 1334 1577 aiio
1358 1517 1424 1579 loco

107 1631 352 1683 commemoratur
367 1623 462 1683 oratio
477 1620 618 1700 qruaedam
637 1621 668 1680 S.
683 1619 821 1698 Gregorii
836 1616 894 1694 **).
920 1619 1056 1697 Denique
1080 1618 1146 1697 quis
1160 1626 1206 1679 est
1228 1620 1279 1697 qui
1300 1619 1423 1696 nesciat,

107 1742 192 1804 quam
207 1723 316 1785 leuiter
330 1732 419 1803 atque
440 1723 609 1784 inconsulte
633 1722 745 1783 librarii
765 1722 950 1783 diversorum
972 1721 1102 1780 virorum
1121 1718 1263 1799 opuscula
1279 1721 1424 1783 interdum
1459 1788 1462 1793 ,

107 1828 205 1906 spatio
220 1826 371 1907 explendo
387 1827 503 1903 intenti,
523 1826 762 1885 commiscuerint
775 1832 865 1902 atque
878 1822 1059 1883 disiecerint.

209 1990 277 2051 l'ria
292 2008 367 2068 quae
383 1992 616 2050 enumeravimus
632 1990 876 2069 Sacramontaria,
892 1989 1076 2055 Gelasianum
1091 1984 1250 2067 Thomasii,
1262 1987 1427 2050 leoninum
1443 2040 1448 2053 .

106 2090 272 2155 blanchinii
271 2073 326 2173 ac'
339 2089 564 2170 Gregoriauum,
586 2092 758 2172 complexus
774 2101 820 2152 est
838 2088 1027 2154 Muratora'ur
1049 2092 1078 2152 iu
1097 2074 1306 2172 optimo'libro
1329 2089 1366 2150 de
1379 2089 1428 2152 ia:

107 2195 205 2270 turgia
219 2191 361 2270 Romana,
377 2194 498 2272 praeuia
517 2194 633 2275 prolixa
654 2204 685 2255 et
704 2194 900 2256 eruditissima
929 2194 966 2256 de
990 2192 1092 2256 Rebus
1111 2192 1267 2271 liturgicis
1288 2186 1431 2255 disserta·

107 2296 209 2372 tione,
227 2293 323 2354 aliixis
344 2292 455 2357 Missali
471 2276 596 2358 Gothico
620 2306 650 2356 et
665 2296 815 2394 Gallicano
830 2294 1180 2376 vetustisqueOrdinibus
1194 2294 1336 2356 Romanis
1351 2294 1427 2373 ***).

106 2395 141 2458 ln
157 2406 239 2458 textu
254 2395 439 2475 Gregoriauo
455 2399 663 2461 constituendo
684 2401 840 2475 geminos
843 2400 874 2458 in
891 2399 1030 2463 auxilium
1054 2398 1173 2459 vocarit
1195 2395 1316 2458 codices
1338 2400 1429 2458 mirac

107 2501 307 2581 antiquitatis,
329 2519 344 2560 a
365 2500 573 2578 Blauchiuio‚
578 2502 729 2562 indefesso
751 2501 925 2562 eruditionis
946 2492 1168 2562 ecclesiasticae
1187 2498 1348 2577 uenatore,
1371 2498 1452 2561 sibi·

107 2604 322 2684 suppeditatos.
358 2604 445 2665 Alter
457 2603 626 2681 Vaticanus,
641 2604 745 2665 saltem
758 2606 879 2664 ineunte
892 2603 1013 2663 saeculo
1028 2621 1108 2665 uano
1127 2610 1275 2680 exaratus,
1289 2603 1320 2661 in
1333 2599 1429 2663 blara·

107 2708 175 2765 torii
190 2706 267 2764 libro
283 2706 361 2782 typis
375 2704 507 2764 redditus
521 2713 578 2780 est,
597 2703 710 2764 adiecta
724 2706 868 2785 scriptura
883 2703 1004 2765 alterius
1020 2704 1137 2767 codicis
1153 2703 1230 2764 baud
1246 2705 1429 2787 recentioris

106 2803 259 2865 Vaticano.
283 2803 337 2864 llic
351 2804 443 2863 olim
435 2823 464 2863 m
481 2792 572 2865 Gallia
587 2807 733 2884 spectavit
747 2806 782 2867 ad
802 2806 922 2868 Paulum
938 2806 1107 2884 Patavium,
1132 2804 1330 2867 Parisiehsem
1343 2824 1431 2867 seua-

48 2937 58 2989 .'
107 2914 219 2977 torem;
239 2914 297 2964 tum
311 2906 347 2966 ad
363 2904 536 2967 Christruam
552 2907 677 2968 Suecrae
690 2926 824 2986 reginam
836 2910 990 3003 pervenit
1005 2906 1155 2988 denique
1147 2927 1177 2968 ru
1191 2906 1452 3002 Othohonranam:

60 2988 67 3001 ’
106 3005 315 3069 bibliothecam
331 3007 438 3097 illatus.
459 3008 581 3070 Atvero
598 3011 626 3073 in
625 3014 740 3069 neutro
755 3010 858 3071 codice
872 3008 1031 3071 exhibetur
1045 3029 1146 3091 purum
1155 3010 1432 3090 sacramentarium,

108 3108 196 3188 quale
219 3109 388 3171 emanibus
410 3078 548 3189 Gregorii
577 3110 697 3193 prodiit.
732 3111 854 3193 Aliquot
880 3099 1072 3174 additamenta
1099 3112 1308 3189 festivitatum,
1338 3113 1430 3174 colle·

37 3216 43 3227 '
109 3220 221 3272 ctarum
237 3211 363 3274 subinde
381 3214 418 3274 ad
432 3214 505 3276 illud
513 3215 747 3294 utroquuesuut
757 3215 845 3292 iacta,
855 3215 884 3275 id
892 3212 1062 3294 quodvides
1071 3216 1099 3275 in
1109 3213 1244 3274 omuibus
1252 3213 1430 3292 Gregoriaui

98 3313 331 3375 Sacramentarii
361 3316 513 3379 codicibus
539 3297 697 3395 euenisse,
720 3325 808 3397 prout
834 3317 1003 3397 postulabat
1026 3316 1227 3378 ecclesiastica
1247 3318 1430 3396 singularum

50 3638 59 3653 .
191 3590 219 3667 *J
233 3594 409 3666 Vecaosiaraiu
426 3595 637 3650 Praesalicusad
648 3596 696 3651 Vl.
710 3603 806 3650 tomum
817 3598 891 3668 Opp.
903 3596 1042 3651 Thomasil
1052 3602 1129 3666 putat
1140 3597 1180 3649 rei
1188 3595 1277 3671 gdhuc
1285 3596 1429 3666 uonplene

109 3674 273 3738 satisfactum
289 3679 382 3737 fuisse.
416 3682 560 3736 Gerbertare
578 3682 639 3734 Vct.
659 3682 713 3736 Lit.
730 3684 772 3735 Al.
792 3683 815 3738 I.
841 3701 870 3753 p.
887 3680 931 3736 80.
954 3684 1074 3736 Tantam
1093 3698 1158 3735 cero
1180 3683 1266 3747 adem,
1292 3689 1338 3747 at,
1360 3682 1432 3747 guod

108 3770 291 3834 satiqrritctem
317 3766 373 3819 eirca
392 3766 520 3836 liturgiae
549 3766 652 3833 rainer,
674 3768 861 3835 Blnuclrinias,
888 3768 929 3821 vir
955 3766 1073 3835 alioquin
1100 3766 1309 3831 rrrodcrtirsiracs,
1335 3783 1430 3818 corace·
1456 3790 1466 3811 ο

40 3854 44 3873 ²
109 3851 224 3904 deudum
246 3851 344 3921 aliquid
364 3858 441 3905 rmus
455 3851 512 3915 ἐϋ,
539 3858 570 3903 ut
594 3868 665 3904 anuo
694 3850 761 3905 1763
784 3854 879 3921 adhuc,
892 3853 920 3904 r'u
942 3852 1006 3904 ciar‘r
1023 3852 1126 3904 Romae
1148 3851 1211 3904 milti
1231 3850 1430 3920 significaverit,

69 3956 77 3967 ·
108 3933 155 3985 sr'ds'
180 3935 233 3986 iam
255 3957 313 3991 eam
335 3937 365 3998 S,
392 3935 517 3987 Silvestre
541 3935 573 3986 Pi
596 3935 729 3988 vindicare
757 3938 922 4006 propositum
949 3954 1012 3992 csse.
1041 3976 1054 4003 ,

127 4090 141 4101 ''
193 4076 242 4149 ⁴¹⁴¹)
260 4076 416 4140 Caecinriui
426 4084 530 4156 quidem
547 4102 656 4159 prorsus
669 4087 746 4138 aliam
755 4103 864 4157 eamque
876 4088 964 4139 miram
974 4082 1222 4153 affertopiuionemr
1234 4067 1375 4136 Adie’ctaru
1387 4091 1431 4135 est

108 4169 154 4221 uui
170 4168 300 4221 collectae
316 4186 408 4224 nomeu
425 4169 563 4239 Gregorii,
575 4166 692 4239 reliquae
709 4178 772 4222 suut
789 4171 905 4224 alienus
917 4172 1071 4240 profectae.
1084 4169 1158 4239 0pp.
1176 4167 1274 4222 Leonis
1286 4168 1307 4220 l.
1326 4187 1355 4237 p.
1369 4166 1430 4222 196.

109 4254 166 4307 Sed
172 4252 237 4307 taba
249 4262 404 4322 argumenta
415 4257 502 4311 iutilia
513 4263 542 4310 et
552 4255 664 4309 ridicula
673 4255 766 4308 baud
758 4256 888 4309 immerito
898 4256 1056 4317 iudicamus
1130 4290 1140 4309 .

112 4470 134 4521 V
192 4379 258 4454 m)
285 4384 413 4455 Sequitur
441 4389 645 4447 Maretorium
636 4407 665 4444 ru
693 4388 916 4445 Sacramenlariis
947 4383 1105 4444 {exhibendis
1127 4385 1294 4443 Bibliotheca
1317 4384 1441 4452 Rostrum·

135 4477 223 4523 sueta.
1348 4480 1357 4497 .
