3046 4942
720 315 797 385 245

96 490 237 564 docebo
266 514 330 587 per
360 493 530 586 legitimas
559 492 780 589 probationes
806 496 850 567 ad
876 495 1025 569 Sanctae
1047 498 1223 572 Romanae
1245 504 1416 577 ecclesiae

98 592 321 665 cardinalem
345 594 600 693 Proponentem
622 598 657 664 in
677 594 957 689 Congregatione
978 598 1077 671 Sacri
1099 598 1261 693 Concilii,
1279 626 1343 697 per
1359 622 1428 677 su·

96 694 291 791 pradictum
309 694 477 766 -Nuntium
499 698 783 771 transmittendas.
815 738 860 751 -
885 701 1129 773 Possessiones
1151 723 1238 774 vero
1259 704 1301 774 ad
1322 726 1416 775 men-

97 816 174 869 sam
204 818 314 867 meam
337 799 548 891 pertinentes
575 819 643 869 non
672 799 832 892 vendam,
857 822 924 871 nec
946 800 1094 883 donabo,
1117 824 1231 897 neque
1249 807 1416 898 impigno-

97 897 208 983 rabo;
232 918 298 967 uec
314 896 361 968 de
376 918 470 968 novo
490 898 672 971 infeudabo
694 902 754 972 vel
772 902 888 996 aliquo
906 902 1009 973 modo
1028 902 1199 991 alienabo,
1218 908 1319 977 etiam
1339 927 1416 976 cum

97 1018 275 1071 consensu
300 995 466 1092 capituli,
494 999 667 1073 ecclcsiae
692 1023 809 1091 meae,
846 1004 1041 1075 inconsulto
1065 1004 1221 1076 Romano
1244 1000 1420 1101 pontifice

98 1096 199 1171 Etsi
222 1100 264 1169 ad
288 1101 436 1197 aliquam
454 1100 693 1173 alienationem
718 1102 909 1193 devenero,
935 1126 1066 1200 poenas
1092 1108 1127 1175 in
1146 1106 1290 1201 quadmn
1310 1130 1414 1203 super

98 1196 172 1271 hoc
192 1201 283 1271 edita
308 1202 549 1273 constitutione
572 1213 751 1277 contentas
773 1227 816 1276 co
843 1208 919 1302 ipso
946 1208 1123 1276 incurrere
1149 1207 1234 1279 volo
1244 1204 1285 1302 1).

200 1310 233 1371 G.
250 1312 278 1370 in
293 1314 409 1389 gremio
424 1330 479 1372 suo
494 1312 601 1373 librum
609 1312 840 1393 brangeliorum
855 1315 995 1376 ambabus
1010 1316 1142 1377 manibus
1153 1326 1284 1397 apertum
1295 1328 1414 1396 tenens,

98 1412 245 1472 inferiore
261 1422 344 1493 parte
362 1413 430 1473 libri
443 1412 548 1474 Eleate
561 1432 648 1476 versa
662 1414 699 1477 ab
714 1434 751 1476 eo
767 1418 998 1496 praestationem
1014 1416 1179 1478 huiusmodi
1195 1420 1349 1481 iuramenti
1367 1438 1414 1481 re·

90 1514 192 1592 ctpit,
211 1511 316 1574 Electa
328 1514 424 1573 adbuc
437 1530 536 1573 coram
552 1532 590 1575 eo
603 1516 765 1591 genuflexo
779 1517 911 1578 dicente:
935 1506 994 1580 Sic
1014 1530 1069 1577 me
1091 1508 1187 1581 Deus
1214 1512 1353 1582 adiuvet
1380 1522 1415 1582 el

98 1604 190 1675 bueo
210 1614 328 1676 sanctu
349 1606 415 1673 Dei
441 1604 643 1697 Evangelio.
697 1614 735 1677 lit
760 1618 855 1695 ipsum
884 1625 996 1677 textum
1022 1617 1252 1694 Evangeliorum
1273 1620 1414 1682 ambabus

95 1715 237 1775 manibus
251 1723 405 1791 tangente,
422 1722 494 1789 tum,
510 1732 571 1777 uon
585 1716 668 1795 prius
686 1715 758 1779 dicit
775 1714 809 1777 0.
832 1707 909 1778 Deo
932 1704 1114 1804 gratias2).

94 1860 315 1875 μ-ι-ο-

166 1940 197 2014 l)
212 1940 394 1997 Vehementer
403 1941 432 1997 in
443 1940 496 1997 boc
509 1940 685 1997 iuramentum
700 1940 835 1999 invehitur
847 1942 1006 2018 Clausen,
1022 1944 1210 2001 llircbenverl.
1223 1962 1250 2004 u.
1265 1944 1351 2001 Lebre
1365 1945 1415 2003 dea

98 2024 211 2083 lletlrol.
231 2043 256 2080 ιι.
268 2044 290 2081 s.
303 2040 339 2081 w.
357 2027 386 2095 l,
399 2042 427 2097 p.
445 2025 504 2081 131.
532 2026 604 2095 „liin
614 2026 713 2082 bocbst
723 2026 996 2086 cbrrakteristiscbes
1010 2030 1189 2097 Actenstdclr,
1202 2028 1251 2085 dus
1262 2031 1334 2084 obne
1345 2030 1415 2085 wei·

99 2119 162 2167 tere
176 2108 330 2179 lirktttrung
341 2110 446 2181 spricbt
456 2140 498 2150 -
510 2140 546 2150 -
562 2110 659 2165 uomit
669 2110 779 2181 Gregor
790 2112 847 2167 Vll.
860 2112 896 2167 iru
907 2113 927 2169 1.
940 2115 1008 2171 1079
1019 2114 1063 2169 die
1075 2113 1233 2170 christliche
1244 2112 1321 2169 Welt
1332 2114 1413 2170 tiber-

100 2196 222 2254 rasclrte.
249 2195 298 2249 Die
313 2193 475 2265 Groudntige
496 2193 589 2251 dieser
602 2193 785 2251 liidesiormet
804 2196 929 2253 kommou
949 2197 1048 2253 iedocb
1070 2199 1157 2253 sebon
1173 2197 1209 2253 iru
1227 2198 1291 2255 dteu
1306 2214 1332 2252 ιι.
1349 2198 1414 2254 9tea

99 2279 192 2335 labrb.
203 2294 264 2336 ror.
286 2278 453 2349 Vornuiglicb
466 2277 654 2349 ruerlrwttrdig
668 2278 703 2335 ist
713 2279 762 2334 der
776 2279 837 2349 Eid,
848 2278 901 2336 den
913 2279 1077 2351 bonifacius,
1090 2280 1139 2337 der
1153 2280 1269 2354 Apostcl
1282 2282 1414 2339 Deutsob·

100 2361 199 2432 laude,
213 2362 240 2418 in
252 2361 296 2417 die
312 2361 406 2418 lliude
421 2362 529 2432 Gregor
541 2360 575 2418 ll.
591 2360 709 2431 ablegte.
741 2363 802 2417 Vou
813 2362 1054 2435 Vcrpdicbtungeu
1069 2382 1162 2435 gogon
1177 2364 1258 2441 Gott‚
1272 2365 1371 2421 llircbe
1384 2382 1412 2425 u.

99 2444 231 2503 (lemeiue
250 2447 353 2502 kommt
372 2447 398 2502 in
419 2444 511 2501 dieser
533 2446 641 2501 Formel
661 2445 726 2500 lrcin
739 2446 823 2500 Wort
841 2462 908 2515 vor,
931 2447 1050 2502 sondern
1069 2446 1118 2503 das
1130 2446 1220 2502 Gaure
1242 2446 1308 2516 gelat
1319 2448 1417 2503 dursul

100 2530 214 2599 sanein
226 2530 442 2586 volllrommenes
449 2528 803 2586 Vrmllen-Vcrbiltnissnu
811 2528 872 2584 dem
880 2530 976 2602 Proeto
984 2530 1201 2585 slsletrusberrn
1211 2528 1415 2585 ausnudrttclren

101 2614 156 2671 und
176 2615 413 2671 einruacbirleu.“
451 2615 522 2669 Sane
537 2614 563 2669 in
575 2613 617 2668 lris
629 2613 758 2667 nonnulla
773 2614 890 2684 iniquius
901 2622 966 2669 suut.
975 2615 1098 2685 prolata:
1113 2629 1171 2667 nam
1187 2628 1257 2683 quae
1269 2612 1351 2667 debet
1362 2613 1415 2667 0r·

99 2698 310 2771 &nauduslleu
325 2698 477 2765 Ecclesiae,
488 2698 579 2770 plebi,
590 2697 642 2768 ipsi
654 2712 708 2753 nou
719 2697 768 2753 illo
778 2697 939 2768 iuramento,
953 2698 1004 2755 sed
1014 2694 1276 2766 interrogationibus
1286 2712 1356 2767 quae
1368 2712 1414 2751 se·

103 2789 220 2857 quantur
240 2782 422 2853 inculcantur,
442 2798 494 2837 neo
510 2782 591 2839 lacile
602 2782 663 2853 quis
678 2780 857 2839 desideratio
871 2783 926 2838 boc
939 2783 1063 2839 examine
1077 2788 1197 2837 sanctam
1211 2780 1372 2849 gravitatem
1387 2787 1414 2836 et

97 2866 287 2937 ¹severitatem.
334 2868 432 2921 lumen
460 2866 638 2921 eutubenter
670 2865 760 2923 iateor
786 2866 849 2923 mibi
872 2882 979 2939 quoque
1001 2866 1081 2922 multu
1101 2864 1256 2937 displicere.
1297 2862 1414 2919 Oilendit

101 2952 189 3008 totius
214 2948 347 3003 iornrulae
362 2948 502 3018 ingenium
517 2950 578 3020 plus
596 2949 668 3004 iusto
688 2948 851 3020 Romanurn,
876 2950 1041 3006 stomachum
1062 2954 1172 3004 movent
1192 2964 1262 3019 qrrao
1281 2948 1343 3003 buic
1364 2962 1413 3003 aa·

100 3035 152 3093 tati
172 3030 298 3087 videntur
318 3031 420 3101 inepta,
433 3046 527 3101 parum
539 3032 744 3090 accommodota
759 3050 791 3090 ac
805 3034 891 3103 magis
903 3033 990 3089 dando
1006 3032 1137 3088 obliuioni
1148 3046 1225 3102 quam
1238 3030 1335 3086 iterum
1346 3032 1411 3087 iter·

102 3132 203 3188 umque
218 3113 401 3184 recoquenda.
421 3113 508 3177 ,lleue
522 3115 651 3170 conuenit
663 3117 831 3188 temporibus
843 3116 972 3188 Gregorii
986 3124 1066 3188 atque
1078 3116 1188 3183 cencii,
1209 3130 1279 3185 quoe
1294 3130 1413 3171 comme·

103 3206 244 3259 morantur
256 3197 291 3253 de
301 3198 370 3253 mala
382 3186 687 3281 captionepoutibcum,
698 3198 732 3255 de
743 3202 922 3258 membrorum
934 3201 1142 3277 obtruncatione
1156 3207 1209 3255 etc.
1230 3199 1316 3253 minus
1327 3198 1419 3279 perti-0

103 3292 168 3343 nent
179 3274 214 3339 a'd
229 3288 351 3343 nostrum
362 3281 507 3341 saeculum.
530 3280 618 3337 l’orro
632 3289 740 3339 nonest
753 3282 951 3361 Episcoporum
963 3284 1175 3339 haereticos
1190 3298 1242 3353 pro
1254 3298 1336 3353 posse
1348 3298 1412 3356 per·
1436 3336 1440 3341 .

104 3369 197 3443 ceam,
219 3367 268 3424 sed
286 3366 352 3422 bae
363 3382 463 3422 reses
477 3354 587 3423 taut'um.
611 3364 738 3421 Forsitan
752 3382 806 3423 non
818 3368 925 3425 multum
940 3358 954 3423 a
967 3362 1046 3423 uobis
1058 3366 1195 3453 discpppat
1210 3364 1381 3445 lliotcrimius
1393 3366 1412 3420 Ι.

105 3470 127 3517 a,
147 3454 178 3526 1,
188 3450 231 3521 Ὤ,
246 3470 272 3522 p.
286 3450 353 3507 tou:
378 3448 547 3520 ,3Vielleicbt
561 3448 632 3504 wird
648 3448 678 3504 e’s
693 3450 755 3505 ein'e
767 3451 1078 3520 l’aradoxiescbeineu,
1100 3449 1239 3504 wenuicb
1250 3465 1346 3519 suge:⁸
1358 3450 1413 3504 tter
1498 3459 1504 3471 ·

104 3534 267 3606 lurteig'eist
287 3535 323 3591 ist
342 3534 392 3590 der
407 3544 480 3591 erate
493 3535 617 3590 Urbeber
632 3534 681 3588 der
696 3536 924 3607 gegenwirtigeu
936 3535 1074 3607 Disciplin.
1115 3532 1189 3590 Naeb
1204 3533 1253 3588 der
1264 3532 1349 3588 lubre
1363 3532 1412 3586 des

104 3622 130 3679 b.
143 3620 325 3688 Hieronymus
345 3620 414 3690 litgt
435 3619 463 3674 io
480 3617 569 3674 iedcru
584 3617 651 3673 Eide
672 3623 774 3690 etwas,
794 3619 845 3676 das
862 3635 924 3677 tom
938 3619 1030 3681 Borea
1041 3620 1158 3687 kommt3
1176 3617 1227 3673 de'r
1240 3615 1291 3673 liid
1306 3614 1355 3670 der
1367 3615 1431 3670 tte·

103 3706 201 3763 achille
214 3703 377 3775 uerleugnet
387 3696 464 3759 seinis
475 3702 557 3759 Natur
568 3703 674 3759 nicht.“
759 3696 766 3709 '
1130 3696 1133 3700 ’

166 3806 202 3883 2),
221 3804 347 3875 Sequitur
368 3803 393 3857 in
409 3802 558 3859 Pontibcoli
578 3803 731 3859 accuratior
749 3793 885 3875 expositio
903 3804 974 3875 legia
992 3805 1027 3860 de
1047 3805 1189 3861 visitandis
1201 3801 1413 3877 perlipiscopos

104 3889 295 3963 apostolorum
317 3887 466 3953 liminibus3
486 3904 546 3943 uum
560 3889 634 3958 quod
648 3895 728 3943 antea
743 3889 805 3959 piac
820 3886 910 3946 fuera
924 3889 1137 3956 consuetudinis,
1151 3888 1219 3943 Sinti
1235 3886 1261 3938 V
1277 3883 1414 3940 Pontiticis

103 3972 269 4029 auctoritate
292 3972 355 4041 lege
372 3968 527 4026 adstrictum
556 3976 607 4029 est.
646 3970 690 4027 nd
708 3964 770 4026 boc‘
782 3979 886 4044 tempus
907 3974 1075 4044 singulorum
1094 3970 1271 4027 tiienniorum
1289 3974 1421 4039 tenentur.

103 4057 230 4129 episcopi
242 4056 334 4111 ltaliae
348 4060 426 4124 atque
439 4053 617 4111 adiacentium
632 4054 844 4125 provinciarium,
856 4064 954 4126 mauric
965 4056 1062 4129 quovis
1073 4070 1144 4123 auno
1156 4054 1265 4108 llomam
1277 4050 1413 4125 proticisci
1434 4098 1438 4104 .

104 4140 207 4195 debent
221 4136 357 4215 Germapi,
369 4136 582 4211 Galli„l1ispani,
594 4138 725 4208 lluugrri,
733 4140 839 4203 boloni,
851 4138 945 4209 Angli,
955 4140 1031 4195 scoti
1043 4148 1108 4207 ete,
1123 4137 1157 4191 ad
1171 4144 1276 4207 tempus
1290 4136 1413 4219 singulo-

104 4240 164 4278 rum
182 4223 424 4293 quiuqusuoiorunr
444 4222 488 4292 qui
499 4224 575 4277 iutra
592 4222 718 4294 Europae
740 4224 807 4278 irnes
820 4230 886 4279 sunt
905 4223 948 4279 tris
967 4222 1128 4293 regionibus
1138 4219 1315 4289 remotiores,
1334 4225 1415 4289 atque

104 4298 187 4362 etiam
201 4305 323 4360 Africani
342 4304 468 4361 litoribus
480 4290 572 4360 ltaliae
590 4306 708 4362 aduersi.
717 4315 798 4378 utque
819 4306 965 4362 insularum
979 4306 1061 4360 maris
1075 4303 1176 4358 Oceani
1190 4300 1414 4379 septentrionalia

105 4382 134 4445 el
149 4388 336 4445 Occidentalis
346 4388 483 4462 Europae,
497 4397 577 4460 atquc
587 4376 700 4446 biricae
712 4378 779 4446 citra
793 4390 988 4467 continentiam
999 4389 1064 4461 noui
1076 4387 1161 4465 orbis,
1174 4396 1238 4444 tam
1253 4388 1309 4459 qui
1325 4404 1415 4449 noos

103 4468 186 4529 aunt
213 4472 445 4551 quampuiud
470 4466 907 4555 Catholica'rnfliidemper
932 4466 1219 4545 misericordiam
1240 4472 1298 4531 ttet
1320 4470 1415 4550 redi·

104 4558 245 4623 tout·-,
264 4555 298 4624 ad
321 4555 815 4644 tempus-angulorum:accensionum
828 4544 1320 4647 Asiaticlatque'rlmerioanieto.-
1340 4554 1418 4612 llauo
1503 4624 1507 4629 Ι
