3046 4942
94 1494 128 1570 ι.
165 1499 242 1571 oe
271 1495 634 1613 ocosesmlo
663 1493 1103 1571 nomenmodo
1134 1496 1248 1570 suu
1281 1494 1460 1599 oon-¹

536 1626 995 1737 sacristanus)

470 1815 537 1888 Ex
565 1817 821 1889 Pontificali
846 1815 1047 1886 Romano.

209 2023 409 2088 llcclesiaruor
429 2032 616 2091 consecratio
638 2031 769 2110 quamvis
790 2031 867 2091 omui
889 2028 938 2089 die
952 2027 991 2088 dc
1004 2029 1068 2088 iore
1081 2028 1146 2089 lieri
1158 2029 1254 2108 possit
1267 2020 1421 2089 decentius

102 2139 202 2189 tannen
217 2129 247 2188 io
261 2127 423 2190 Dominicis
438 2130 542 2193 diebus
557 2132 606 2192 nel
621 2133 797 2193 Sanctorum
810 2129 1038 2192 solennitatibus
1053 2130 1092 2191 lit.
1120 2129 1245 2205 Quando
1258 2138 1356 2190 autem
1367 2128 1422 2190 lic·

103 2230 196 2290 alesia
211 2230 300 2291 fuerit
314 2230 474 2293 dedicanda
490 2232 582 2295 debet
595 2233 830 2295 Archidisconus
849 2233 1062 2313 praenunciare
1076 2232 1158 2294 clerc
1173 2243 1203 2293 et
1220 2231 1345 2312 papnlc‚·
1360 2233 1422 2311 qni·

105 2332 159 2392 bus
174 2339 221 2391 est
233 2331 367 2393 Ecclesia
382 2334 596 2412 consecranda,
616 2345 646 2396 ut
660 2337 829 2415 priusquam
845 2316 1049 2408 consecretur,
1063 2335 1205 2395 icioneut.
1232 2333 1304 2395 Nam
1322 2332 1422 2394 l’onti·

103 2432 156 2493 fex
172 2420 394 2522 consecutust)
410 2444 440 2496 et
453 2438 503 2515 qui
518 2445 623 2515 petunt
637 2436 694 2497 sibi
708 2435 873 2496 Ecclesiam
886 2435 1069 2509 consecrari,
1082 2434 1273 2514 praecedenti
1287 2433 1338 2495 die
1349 2436 1422 2495 lein·

103 2552 176 2596 nare
193 2534 312 2596 debent.
341 2536 420 2598 Saue
434 2555 504 2599 sero
519 2537 679 2598 antediem
695 2536 902 2612 dedicationis,
917 2534 1057 2596 Pontifex
1073 2543 1157 2615 parat
1172 2533 1322 2614 licllquias
1337 2535 1367 2595 in
1381 2534 1422 2595 al·

105 2639 160 2696 tari
180 2627 425 2726 consecrando³)
441 2639 650 2717 includendas,
678 2657 795 2721 ponens
809 2655 860 2698 eas
875 2639 905 2698 iu
922 2637 1039 2698 decenti
1053 2645 1085 2697 et
1099 2637 1208 2697 mundo
1221 2635 1344 2697 vmculo
1359 2652 1423 2697 cum

105 2738 199 2798 tribus
223 2742 325 2816 granis
347 2741 457 2820 thuris,
482 2744 566 2822 ponit
586 2745 673 2804 etiam
696 2744 725 2803 in
748 2759 786 2802 eo
811 2739 951 2801 cartulam
966 2736 1003 2798 de
1018 2755 1200 2818 pergameno
1214 2739 1355 2818 scriptam
1367 2737 1424 2799 sub

107 2839 161 2900 bac
176 2840 286 2900 forma:
580 2844 587 2853 '

173 3031 202 3109 1)
218 3030 380 3088 Ambrosius
395 3032 474 3103 epist.
491 3035 527 3088 2²
541 3034 577 3091 ad
590 3037 770 3093 lluroellinam
784 3052 909 3094 sororem
924 3037 1005 3092 ritum
1016 3034 1201 3092 Dediectiouis
1215 3033 1422 3107 antiquissimam

107 3124 192 3176 vocat
215 3124 243 3172 et
268 3115 367 3186 ubique
387 3124 525 3188 receptam
547 3120 777 3177 consuetudinem.
818 3120 912 3193 Neque
930 3128 976 3177 cst
991 3120 1063 3192 quod
1080 3120 1253 3189 refragemus
1266 3118 1421 3176 Biuterimio

106 3203 225 3260 Deulsw.
241 3201 289 3272 lV,
303 3198 324 3270 l,
340 3199 374 3255 at
389 3217 431 3272 eq.
447 3201 517 3266 banc
531 3202 722 3260 caerimoniam
738 3204 875 3262 altissimis
890 3205 1008 3260 defixam
1022 3221 1085 3262 esse
1100 3204 1237 3261 radicibus
1251 3203 1278 3260 in
1293 3203 1422 3276 antiquis·

105 3290 178 3345 simo
194 3285 331 3342 ecclesiae
346 3301 425 3341 aevo.
455 3284 493 3341 At
506 3284 699 3344 discedendum
713 3287 818 3346 videtur
833 3306 848 3344 a
865 3288 917 3345 viri
932 3288 1008 3346 ducti
1023 3289 1173 3360 sententia,
1194 3289 1368 3362 impugnante
1377 3287 1420 3344 Vi·

104 3373 177 3445 gilio
192 3368 332 3439 l’cutillci,
355 3370 400 3442 qui
415 3369 555 3427 basilicum
571 3386 669 3427 novam
683 3374 742 3429 sols
757 3372 897 3430 llissaruuu
912 3374 1087 3433 sollennitate
1101 3372 1259 3431 consecrari
1274 3372 1374 3430 dixerit
1387 3368 1421 3449 (si

104 3473 160 3530 qua
178 3456 341 3512 Sanctorum
362 3454 473 3511 basilica
488 3471 504 3510 a
519 3455 699 3513 fundamentis
714 3458 794 3514 etiam
811 3458 895 3515 fuerit
910 3459 1057 3529 innovata,
1080 3457 1139 3514 siue
1153 3457 1242 3532 aliqua
1257 3455 1421 3514 dubitatione

102 3557 168 3597 cum
183 3541 210 3596 in
225 3555 257 3595 ec
269 3539 407 3595 llissarnm
422 3540 505 3596 fuerit
520 3540 658 3597 celebrata
673 3541 843 3613 sollemnitas,
857 3543 941 3600 totius
955 3543 1132 3601 sanctificatio
1147 3541 1361 3602 consecrationis
1372 3538 1420 3592 im-

102 3624 236 3700 plebitur.
252 3622 383 3679 ilarduini
398 3623 481 3679 Couc.
496 3625 573 3681 lom.
587 3625 620 3681 ll.
635 3642 661 3699 p.
678 3622 772 3703 1431).
801 3626 863 3698 Ego
879 3643 946 3685 vero
960 3644 1011 3701 pru
1028 3636 1105 3687 certo
1120 3629 1219 3698 babeo,
1234 3620 1421 3697 antiquissimis
1469 3696 1473 3701 .

101 3707 276 3782 temporibus
290 3707 317 3763 in
332 3709 411 3765 nouis
426 3706 547 3765 basilicis
562 3710 701 3767 recitatum
717 3727 778 3768 esse
790 3711 897 3768 llissam
908 3713 1047 3786 propriam
1057 3712 1093 3770 de
1102 3711 1288 3777 Dedicntioue,
1303 3708 1421 3763 fortasse

99 3792 326 3851 benedictionum
341 3791 506 3864 quarundam
522 3793 645 3851 formulis
659 3802 773 3857 unctam.
801 3796 937 3855 Praebent
951 3796 1031 3855 buius
1044 3798 1157 3871 generis
1172 3794 1306 3853 collectas
1321 3787 1421 3845 Gelasii

104 3896 141 3936 ac
156 3876 285 3948 Gregorii
301 3876 525 3936 Sacramenturia.
555 3877 686 3935 llodieroi
703 3880 833 3952 temporis
848 3881 936 3952 ritus,
951 3881 1024 3954 quod
1038 3882 1098 3954 ipse
1112 3876 1279 3953 Blaterimius
1295 3870 1422 3929 concedit

104 3964 124 4019 l.
143 3979 168 4018 c.
184 3978 210 4034 p.
227 3961 262 4017 38
283 3961 328 4017 vix
348 3960 484 4019 saeculum
502 3969 628 4019 onmium
644 3963 767 4034 attingit:
790 3980 879 4036 poene
895 3967 1018 4024 omnibus
1031 3964 1154 4038 partibus
1166 3962 1306 4018 absolutus
1320 3958 1421 4030 legitur

105 4048 134 4104 iu
153 4046 257 4103 Codice
271 4046 363 4117 Eligii‚
377 4047 405 4102 in
421 4045 523 4102 Codice
537 4046 656 4116 liutoldi,
671 4047 699 4103 iu
714 4055 874 4119 pervetusto
885 4049 1034 4107 l’nntillcali
1050 4050 1252 4107 membranaceo
1261 4038 1419 4115 uadenti.)

106 4130 145 4187 cf.
161 4131 300 4187 lluratorii
314 4132 361 4188 lit.
379 4132 455 4191 Rom.
471 4126 501 4187 ll.
519 4148 545 4203 p.
560 4134 614 4186 ste
627 4149 668 4203 sq.
690 4139 771 4204 atque
784 4132 812 4189 iu
828 4132 931 4189 Codice
942 4134 1074 4204 ligurino
1088 4148 1160 4191 saec.
1173 4129 1211 4186 lll
1224 4126 1421 4202 apudderber·

108 4223 166 4272 tum
181 4216 255 4275 liora
269 4215 317 4272 lit
331 4216 376 4275 ΑΙ.
392 4216 458 4271 Tum
472 4216 505 4274 ll.
520 4232 547 4288 p.
561 4216 596 4273 ll
612 4234 654 4288 sq.
670 4210 728 4294 (T.)

168 4296 200 4372 t)
218 4300 313 4371 Potest
332 4299 467 4358 Sacerdos
482 4316 590 4373 quoque
607 4302 641 4357 ab
656 4299 795 4374 Episcopo
810 4301 954 4373 deputatos
969 4297 1111 4357 ecclesiam
1125 4297 1351 4355 benedicere.
1380 4294 1422 4354 tit

108 4384 179 4440 meo
192 4383 350 4440 benedictio
363 4384 417 4440 ritu
431 4383 590 4457 simpliciori
607 4401 698 4456 neque
712 4401 762 4458 par
777 4392 819 4443 est
835 4385 969 4456 dignitate
984 4383 1198 4441 consecrationi.

171 4463 204 4541 3)
222 4466 277 4524 lam
300 4466 416 4538 audonis
439 4483 596 4539 persuasum
619 4477 679 4527 erat
701 4470 845 4527 ecclesiam
864 4487 919 4528 uon
940 4485 1025 4544 posse
1047 4469 1150 4527 exstrui
1171 4467 1215 4524 vel
1235 4468 1331 4523 saltem
1345 4463 1423 4521 dedi-

112 4551 187 4622 cam,
208 4552 261 4609 nisi
287 4552 314 4608 in
334 4568 367 4608 ea
382 4549 509 4609 conditae
521 4553 576 4611 siut
589 4555 750 4612 Sanctomm
766 4554 906 4627 reliquiae.
937 4555 1064 4617 Ambros.
1079 4570 1124 4628 cp.
1140 4554 1176 4610 fl
1188 4551 1224 4611 ad
1238 4552 1320 4610 llarc.
1334 4549 1424 4621 „Cum
