3046 4942
781 262 859 350 ana‘

159 488 238 544 men
256 467 393 555 wollet,
411 464 516 536 wenn
537 465 591 536 sie
611 478 650 537 es
671 484 743 534 von
763 462 861 533 Euoh
882 459 1060 552 begelrren
1080 459 1149 530 und
1170 457 1350 532 sicb‘kein
1369 458 1480 532 recht·

160 575 328 663 mussiges
354 567 556 639 llindcmlss
581 564 763 637 vorlinden
787 561 904 635 wind?

261 678 303 763 lb.
331 671 381 759 la,
403 670 498 741 Euer
523 666 753 756 Ehrwtirden,
781 665 836 737 ich
861 662 1073 758 verspreche
1100 684 1148 738 es

262 784 380 845 Deinde
393 783 471 843 dicet
485 781 617 841 mulleri:

263 872 340 946 Und
368 874 442 960 lhr,
465 871 538 943 NN.
560 869 786 968 versprecbet
811 868 868 938 lhr
891 866 971 939 Gott
993 868 1070 938 dem
1094 866 1208 938 Herm
1230 867 1301 939 und
1323 888 1394 937 vor
1415 870 1474 939 sei

160 1003 224 1051 ner
246 978 396 1068 heiligen
422 974 561 1063 llirche',
585 973 663 1045 dass
690 970 747 1041 lhr
773 974 1061 1063 gegenwarnigen
1081 966 1154 1041 NN.
1178 993 1220 1039 zu
1246 969 1380 1040 Eurem
1401 969 1472 1039 elne·

44 1134 54 1145 .
160 1082 274 1152 lichen
295 1077 398 1149 Manu
418 1076 565 1147 nehmen
585 1073 718 1161 wollet,
739 1095 844 1143 wenn
867 1096 906 1143 er
929 1094 967 1144 es
987 1094 1057 1142 von
1078 1071 1176 1142 Euch
1195 1071 1391 1165 begehren,
1412 1070 1470 1141 und

161 1181 235 1256 sich
261 1181 341 1252 lein
365 1178 633 1269 rechtmlts'siges
659 1175 859 1246 lllnderniss
884 1172 1076 1245 vorlinden'
1091 1172 1208 1245 wind?

261 1286 303 1373 N·
332 1281 382 1366 la,
409 1279 503 1350 Euer
522 1277 754 1366 Ehrwiirden,
779 1276 834 1346 ioh
860 1276 1072 1370 verspreche
1092 1297 1141 1349 es.

263 1390 421 1473 Postquam
435 1390 626 1471 sponsionem
641 1387 777 1450 dederint
790 1397 889 1448 mutuo
905 1397 934 1448 et
949 1388 1129 1466 acceperint,
1143 1383 1257 1446 iubebit
1267 1384 1471 1447 eosParoclrus

162 1495 323 1556 dexteras
314 1512 456 1570 iungere,
474 1511 604 1572 moxque
618 1490 697 1552 ducet
707 1491 849 1568 ,signum
867 1487 986 1566 Crucis,
1001 1487 1049 1548 ubi
1064 1497 1199 1566 notatur,
1218 1486 1408 1566 producens:
1433 1477 1471 1548 Et

162 1608 231 1679 ego
252 1588 338 1657 haec
367 1587 552 1681 sponsalia,
574 1592 608 1655 et
629 1584 716 1653 hanc
737 1591 889 1654 vestram
910 1591 1059 1652 mutuam
1076 1581 1343 1678 promissionem
1365 1590 1471 1651 aucto

161 1693 273 1775 ritate,
296 1708 362 1781 qua
383 1685 522 1778 fungor,
545 1684 719 1757 confirmo
764 1684 804 1755 ln
823 1684 969 1755 Nomine
991 1683 1113 1772 Patris,
1142 1692 1176 1753 et
1197 1680 1275 1753 Filii
1295 1683 1329 1776 †
1350 1693 1384 1754 et
1404 1682 1471 1776 Spi-

161 1792 245 1863 ritus
266 1785 392 1862 Sancti
434 1792 476 1878 ll.
504 1786 628 1858 Amen.

132 1891 137 1899 ’
267 1899 339 1960 Tam
354 1916 407 1959 eos
420 1907 556 1977 monent,
577 1907 609 1959 ut
623 1915 677 1979 pro
692 1896 774 1957 felici
788 1897 878 1958 iuturi
893 1893 1070 1956 Matrimonii
1084 1913 1225 1959 successu
1240 1893 1298 1956 Dei
1313 1864 1470 1955 misericor·

160 2003 237 2065 'dium
258 2002 417 2078 diligenter
431 1997 605 2080 implorent,
629 2008 660 2059 ut
674 1999 818 2079 aliquibus
835 1998 939 2059 diebus
954 2005 1021 2058 aute
1035 1999 1170 2078 nuptias,
1191 1996 1239 2057 nel
1253 1995 1359 2057 saltem
1374 1995 1470 2077 pridie,

162 2112 284 2184 peccata
298 2120 351 2162 sua
364 2101 561 2163 confiteantur
573 2099 836 2178 sacramentaliter,
856 2109 888 2160 ct
900 2109 1128 2161 sacro-sanctam
1142 2098 1354 2161 Eucharistiam
1370 2099 1470 2159 devoto

163 2204 338 2285 percipiant
368 2201 445 2282 lpsis
466 2212 622 2282 praeterea
646 2203 799 2279 iniunget,
820 2211 852 2261 ut
872 2208 936 2262 tolo
957 2201 1176 2281 sponsaliorum
1197 2211 1331 2285 tempore
1352 2207 1433 2259 caste
1447 2206 1470 2258 et

155 2325 213 2386 pre
227 2307 346 2382 vivant
361 2306 447 2365 suoutn
463 2306 548 2367 decet
563 2304 638 2364 lilios
654 2304 844 2365 Sanctorum
866 2322 962 2383 neque
976 2306 1108 2383 interea
1124 2301 1222 2367 donec
1235 2300 1419 2363 Natrrmonno
1434 2299 1468 2360 le

163 2406 267 2488 gitlme
282 2408 430 2469 coniuncti
443 2409 513 2486 sint,
526 2407 556 2469 in
571 2406 673 2468 eadem
690 2405 776 2468 domo
793 2403 963 2467 cohabitent
970 2392 1012 2481 1)

294 2568 408 2641 Ordo
442 2567 700 2639 celebrandi
726 2576 1040 2641 sacramentum
1075 2562 1352 2639 Matrimonii.

265 2710 416 2771 Parocbus
424 2695 639 2771 Matrimonium
654 2711 865 2791 celebraturus,
882 2713 992 2773 certior
1007 2710 1128 2772 effectus
1143 2709 1180 2771 de
1190 2708 1365 2788 Religione,
1373 2715 1464 2779 aetate,

165 2820 241 2872 statu
257 2818 288 2871 et
302 2809 472 2871 conditione
486 2811 732 2889 contrahentium,
747 2822 777 2873 et
791 2813 828 2874 de
840 2812 1108 2877 denuntiationibus
1118 2812 1252 2893 legitime
1264 2797 1463 2896 iactis,²)sine

46 2987 54 3000 ἰ
167 2912 377 2992 perseipsum,
392 2912 456 2971 sive
473 2930 526 2991 per
541 2913 665 2973 Litteras
679 2912 920 2986 Testimoniales3
933 2918 1005 2977 uisis
1020 2934 1140 2996 quoque
1154 2913 1436 2995 dispensationibus,
1446 2908 1462 2968 si
1515 2918 1517 2945 ²

167 3028 241 3093 quae
255 3012 366 3072 {tuerint
380 3010 530 3090 obtentae,
546 3013 627 3076 nullo
642 3017 765 3095 iusuper
777 3027 938 3099 apparente
951 3018 1172 3099 impedimento,
1186 3032 1348 3097 superque
1359 3014 1462 3091 diligen·

167 3124 214 3174 ter
233 3115 379 3194 inquirat,
395 3118 653 3196 convenienteque
674 3129 703 3178 et
717 3136 774 3180 non
790 3119 948 3182 interdicto
962 3128 1114 3202 ternpore,
1135 3119 1190 3181 nisi
1205 3117 1324 3179 aliunde
1337 3135 1404 3178 cum
1416 3114 1463 3176 des·

155 3215 329 3296 'ponsandls
342 3215 540 3298 dlspensatum
554 3219 653 3296 inerit,
673 3222 716 3280 sic
729 3236 763 3280 se
782 3230 877 3298 geret.

270 3314 348 3378 llora
369 3319 433 3379 data
451 3319 583 3396 (seilicet
598 3338 682 3381 mane
696 3330 725 3382 et
742 3341 799 3383 non
815 3333 883 3403 post
898 3322 1066 3400 meridiem,
1088 3338 1144 3383 nec
1154 3339 1284 3408 pnqnam
1298 3330 1370 3382 aute
1383 3320 1465 3381 hona

171 3462 379 3471 ..----———

226 3530 329 3605 ·1)dg.
346 3531 417 3588 lton.
433 3531 497 3586 Gunn
514 3530 650 3603 sponsalia
667 3533 829 3589 celebraturi
845 3546 937 3588 eoram
953 3532 1124 3602 Parentibus,
1138 3529 1374 3602 consanguineis,
1394 3530 1468 3586 etta·

167 3614 254 3674 coebo
267 3615 445 3672 convenerint
463 3616 507 3671 hic
521 3617 645 3674 subiecto
658 3618 740 3674 modo
753 3618 889 3689 Sponsum
904 3633 936 3673 ac
947 3616 1046 3673 delude
1060 3618 1194 3689 Sponsam
1203 3617 1381 3686 interrogata
1396 3615 1426 3670 N.
1436 3613 1470 3668 ltu

168 3701 322 3758 uerbeisset
337 3716 407 3770 gnua
423 3698 565 3771 ireiwillig
580 3703 635 3759 und
648 3704 778 3772 treulich,
799 3703 1009 3772 gagenwdrtioee
1023 3703 1124 3759 l’ersnu
1135 3717 1168 3756 su
1182 3701 1281 3756 n‘a'cbst
1290 3696 1472 3770 gebubrendee

170 3785 229 3842 zen
240 3787 282 3841 ltin
296 3783 368 3841 lluer
382 3785 522 3855 ebeliches
537 3786 646 3842 Gemabl
661 3788 854 3843 annunebmen.
887 3786 947 3844 Und
958 3785 1055 3843 daieru
1067 3785 1130 3845 kein
1142 3785 1301 3841 enbebliche
1314 3782 1473 3843 Verbluder-

170 3870 226 3925 uiss
237 3871 309 3926 wind
318 3869 456 3940 geiunden
470 3870 598 3939 werden,
619 3873 688 3927 naob
699 3872 840 3928 Gebraueb
851 3871 901 3928 der
916 3871 1106 3931 Catholisoben
1117 3869 1235 3927 llirchen
1249 3868 1328 3925 Eueb
1340 3870 1391 3927 mit
1399 3870 1440 3926 lbt
1448 3881 1475 3922 su

170 3950 354 4011 uerebliohen.
376 3951 451 4011 ldem
465 3954 619 4024 interroget
628 3956 743 4012 alteram
759 3962 934 4031 comportem.
960 3954 988 4013 Si
1004 3963 1120 4029 uterquc
1134 3959 1251 4024 annuat,
1264 3952 1409 4011 Parocbus
1422 3950 1475 4009 illo·

169 4046 228 4092 rum
239 4038 448 4107 promissionem
460 4037 501 4095 sic
512 4039 665 4095 eondrmet:
677 4040 711 4095 lit
724 4056 780 4112 ego
792 4042 862 4097 banc
874 4040 1062 4115 sponsalitiam
1078 4036 1290 4113 promissionem
1300 4046 1423 4096 vedum
1435 4050 1475 4091 an

170 4119 298 4176 ctoritate
319 4116 510 4194 qua'iungor,
529 4124 662 4180 confirmo
676 4125 703 4181 in
718 4126 827 4182 noualno
841 4126 928 4183 Putris
939 4133 968 4182 et
978 4120 1120 4202 trutinet
1130 4124 1246 4198 Spiritus
1258 4124 1366 4182 &noti-
1390 4123 1476 4182 Aaou

170 4205 276 4264 Poterit
287 4213 377 4264 autem
387 4208 525 4266 Paroobus
537 4208 664 4280 euadere,
676 4217 704 4267 ut
718 4211 946 4282 pronlssiouem
938 4211 1072 4284 ametipto
1086 4211 1260 4281 consignent.

230 4290 262 4365 ⁶2)
278 4290 401 4346 Formula
413 4293 644 4349 denuntiationis
637 4311 663 4349 m
675 4296 790 4365 Agenda
802 4296 886 4350 lion:
903 4296 960 4367 „Es
971 4296 1062 4354 lassen
1074 4295 1133 4353 sich
1143 4312 1204 4355 aum
1201 4294 1343 4392 heilipeu
1375 4287 1477 4353 tasum

171 4387 229 4427 auur
251 4376 345 4431 —nnal
362 4377 549 4448 ucrkdndigen
566 4377 616 4435 der
629 4379 683 4435 NN
706 4380 760 4436 und
780 4380 823 4439 die
838 4380 892 4436 NN.
929 4381 1060 4439 Welcber
1071 4398 1124 4437 nun
1139 4388 1225 4437 etwas
1237 4396 1333 4453 weiss,
1368 4368 1478 4435 edisse

171 4454 346 4513 sorbebende
357 4456 415 4514 Ehe
426 4462 590 4518 uerldndcrn
601 4464 720 4532 leonata,
735 4462 806 4520 sollo
818 4463 927 4521 solcbes
942 4464 1139 4537 gebdhrenden
1152 4466 1215 4524 0rls
1227 4470 1339 4553 gemine
1351 4460 1402 4537 den·
1413 4457 1478 4521 otti-

168 4534 266 4609 gatlon
281 4539 370 4598 educa
382 4540 538 4601 danisman
551 4547 599 4603 nait
609 4546 787 4606 destlictrer
802 4546 883 4605 Liebe
899 4554 1005 4607 cratem
1020 4550 1156 4622 angebea
