3046 4942
727 279 801 349 321

126 467 198 545 lv.
224 470 349 546 ORDO
371 471 632 546 EXl'llEllAE
655 474 903 595 llNG'llONlS
923 475 953 547 E
976 474 1166 550 RlTllALl
1187 478 1395 553 ROMANO.

211 647 257 659 -
284 651 321 659 -
340 617 499 679 Extremae
512 618 668 680 Unctionis
683 621 901 681 Sacramentum
923 640 959 683 eo
981 631 1116 703 tempore
1137 627 1268 700 aegrotis
1284 624 1422 685 adhiben-

106 719 176 780 dum
191 728 247 798 eet,
261 721 287 779 si
302 720 365 780 isari
380 722 486 800 possit,
501 738 563 780 cum
580 720 637 781 illis
652 722 747 783 adhuc
761 726 877 801 integra
891 742 974 785 mens
989 733 1019 785 et
1033 725 1108 787 ratic
1121 726 1216 803 uiget.

212 851 259 863 -
282 820 314 881 ln
336 839 394 901 quc
415 821 487 883 lllud
504 824 636 903 inprimis
659 841 698 883 cx
717 825 852 902 generali
873 825 1017 887 ecciesiae
1036 825 1250 890 cousuetudine
1264 824 1423 887 obseruan-

105 922 255 1000 domest,
276 933 308 983 ut
322 924 346 983 si
362 933 476 1003 tempus
491 933 521 985 et
536 926 640 984 intirmi
657 926 787 989 conditio
803 927 969 1007 permittat,
988 937 1057 989 ante
1071 938 1232 990 extremam
1247 927 1424 989 Unctionem

104 1024 314 1086 l'oeuitcntiae
329 1034 359 1086 et
375 1024 566 1087 Eucharistae
580 1028 768 1089 Sacramenta
782 1030 904 1089 lnllrmis
917 1018 1165 1110 praebeantur.¹)

218 1158 256 1167 -
282 1126 381 1189 Debet
398 1136 494 1189 autem
515 1127 574 1189 boc
587 1131 807 1192 Sacramentum
828 1131 951 1192 indrmis
964 1132 1120 1215 praeberi,
1144 1134 1193 1214 qui
1209 1149 1274 1194 cum
1291 1129 1328 1191 ad
1341 1146 1424 1190 usum
1475 1154 1480 1161 ·

106 1229 231 1291 rationis
252 1231 459 1309 pervenerint,
481 1239 538 1291 mm
552 1232 683 1308 graviter
697 1231 849 1309 laborant,
871 1241 903 1293 nt
916 1235 1019 1295 mortis
1036 1235 1199 1316 periculum
1217 1234 1371 1294 imminere
1383 1231 1425 1291 vi·

107 1329 228 1409 deutur,
249 1339 278 1391 et
299 1332 336 1392 lis
359 1333 408 1417 qni
428 1349 500 1411 prae
523 1333 607 1394 senio
628 1332 767 1395 deliciunt
788 1343 818 1395 et
840 1333 908 1395 dein
929 1335 1234 1415 videnturmcritnri,
1258 1337 1343 1397 ctiam
1358 1334 1425 1396 sine

106 1431 166 1492 alia
180 1433 357 1494 infirmitate.

211 1533 336 1593 lulirmis
350 1542 466 1611 autem,
481 1534 530 1614 qui
545 1532 610 1594 dum
625 1552 696 1596 sana
709 1545 807 1597 mente
823 1545 853 1597 et
866 1537 993 1619 integris
1005 1538 1141 1599 sensibus
1156 1546 1267 1614 essent,
1281 1534 1355 1597 illud
1371 1551 1423 1615 pe·

104 1636 236 1706 tierunt,
256 1652 327 1706 seu,
347 1634 550 1695 verisimiliter
567 1636 745 1714 petiissent,
765 1655 818 1697 seu
842 1637 976 1698 dederint
991 1640 1077 1716 signa
1092 1639 1295 1715 contritionis,
1311 1635 1425 1697 etiamsi

108 1734 219 1795 deinde
233 1734 381 1815 loquelam
394 1736 543 1796 amiserint
556 1735 604 1796 vel
619 1745 751 1797 amentes
766 1736 864 1799 eliecti
878 1747 946 1799 sunt
960 1738 1009 1801 sel
1023 1738 1150 1800 delirent
1158 1747 1278 1799 autnon
1286 1737 1425 1810 sentiant,

109 1835 301 1896 nibilominus
315 1836 503 1916 praebeatur.

215 1937 275 1998 Sed
297 1939 322 1997 si
344 1936 478 1999 lulirmu's
500 1937 566 1998 dum
584 1937 726 2018 phrenesi
746 1948 794 1999 aut
814 1941 940 2001 amentia
953 1939 1085 2018 laborat,
1107 1937 1428 2017 verisimiliterpcsset

108 2037 264 2121 quidquam
279 2039 380 2101 iacere
395 2048 497 2100 contra
512 2041 708 2100 reverentiam
724 2040 923 2120 Sacrameuti,
948 2042 1106 2119 inungatur
1121 2042 1176 2102 nlsi
1193 2038 1357 2121 periculum
1371 2038 1425 2101 tol-

110 2141 188 2202 latur
202 2141 331 2201 omnino.

212 2240 477 2327 impoenitentibus
490 2257 564 2303 vero
580 2250 610 2302 et
624 2240 673 2321 qui
689 2241 719 2302 in
736 2242 893 2305 manifesto
907 2250 1032 2324 peccato
1048 2243 1163 2308 mortali
1177 2244 1341 2304 moriuntur
1350 2225 1386 2316 ¹)
1396 2246 1426 2300 et

111 2344 372 2406 excommunicatis
391 2351 421 2403 et
434 2342 563 2404 noudum
578 2341 732 2422 baptizatis
746 2346 864 2424 peaitua
878 2344 1053 2423 denegetur.

111 2519 176 2581 dec.
202 2520 391 2591 Recognoscis
413 2525 440 2574 te
457 2520 542 2577 Deum
563 2521 671 2577 multum
692 2517 861 2576 succenset
890 2514 931 2596 lb.
955 2520 1055 2575 Doleo.
1083 2517 1217 2588 Proponis
1232 2519 1267 2574 dc
1281 2524 1377 2573 cetero
1390 2516 1424 2572 ab

110 2605 184 2663 omni
196 2604 302 2665 wenna
316 2604 424 2677 peccati
438 2605 561 2663 mortalis
576 2601 738 2663 abstineret
761 2598 803 2682 ll
822 2604 919 2662 Divino
934 2603 1037 2660 auxilio
1049 2601 1182 2658 mediante
1193 2615 1329 2674 propono.
1346 2600 1427 2657 cre·

112 2688 167 2747 dis
183 2696 219 2747 te
234 2689 375 2749 meritis
391 2689 578 2760 pensionis
593 2687 844 2760 redemptoris
858 2688 978 2745 nostri
992 2695 1021 2745 et
1034 2703 1100 2744 ncn
1113 2686 1281 2758 propriis
1296 2684 1339 2740 ad
1352 2684 1427 2755 alc·

111 2773 201 2835 riam
220 2770 440 2846 pervenire?
466 2767 510 2852 lli.
533 2774 655 2831 credc.
681 2773 781 2833 Ultimo
801 2772 889 2841 dicst3
909 2773 937 2829 Si
958 2778 1086 2831 occurrat
1100 2770 1149 2829 tibi
1164 2771 1286 2828 inimicus
1301 2768 1427 2826 diabolus

111 2873 223 2931 semper
239 2857 266 2915 ei
287 2873 410 2931 opponas
426 2858 520 2915 merita
537 2858 674 2930 passionis
687 2857 787 2917 christi
799 2856 983 2930 redemptoris
993 2864 1022 2913 et
1032 2855 1178 2913 saluatoris
1189 2855 1285 2912 nostri.
1311 2851 1429 2925 Agenda

110 2942 188 3012 ecc.
202 2939 280 2999 1⁵82
311 2944 422 3001 Peracta
437 2941 571 3001 Uectioae
592 2943 665 3001 dicat
676 2941 814 3001 Sacerdos
828 2941 999 3000 cretionem:
1021 2941 1137 3012 llespicc
1151 2940 1264 2996 Domine
1275 2946 1327 2996 etc
1343 2939 1427 2995 cesar
1469 3003 1472 3009 .

111 3024 286 3087 benedictio:
300 3027 430 3083 boninus
439 3027 515 3083 lesus
529 3027 601 3098 apud
613 3035 640 3083 te
654 3027 690 3084 sit
704 3033 758 3086 etc.
786 3027 921 3085 Praebeat
935 3025 1040 3083 inilrmc
1056 3024 1179 3081 crncifixi
1195 3024 1355 3094 imaginem,
1367 3037 1427 3078 nac-

110 3116 179 3171 tteat
192 3116 221 3167 nt
231 3108 330 3168 christi
344 3111 501 3183 passionem
516 3109 543 3166 in
559 3118 649 3168 mente
659 3110 785 3167 retineat.
810 3109 989 3179 Digressum
1004 3110 1146 3166 confirmet
1160 3125 1221 3166 eum
1233 3115 1314 3180 atque
1325 3120 1426 3165 consc-

111 3194 199 3250 latur:
220 3193 358 3251 Geliebter
375 3195 401 3250 iu
420 3194 546 3262 Christo,
567 3193 676 3252 dieued
692 3193 728 3249 du
745 3199 799 3251 etc.
825 3191 945 3263 arcanc
956 3193 1031 3263 llcg.
1048 3192 1132 3248 tete:
1154 3192 1260 3248 Recitet
1275 3191 1425 3249 collectas:

110 3277 227 3339 nomiae
237 3279 309 3340 ocus
319 3279 364 3350 qui
382 3295 432 3351 per
444 3277 607 3350 Apostolum
622 3285 674 3335 etc.
702 3277 818 3348 Respice
829 3293 991 3348 quaesumus
1002 3277 1116 3333 Domine
1130 3281 1181 3333 etc.
1204 3277 1319 3333 Domine
1333 3280 1427 3335 sancte

109 3362 192 3418 Pater
207 3362 387 3435 omnipotens.
424 3361 605 3421 Exhortetur:
627 3360 764 3421 Geliebter
779 3360 806 3418 in
823 3360 949 3431 clarinto,
966 3360 1075 3418 dieueil
1089 3360 1125 3416 du
1136 3367 1189 3420 etc.
1212 3361 1354 3433 Asperpat
1366 3366 1427 3416 tae·

110 3446 190 3516 deaa‚
204 3447 337 3518 praebeat
348 3462 456 3505 crucem
470 3446 504 3502 ad
520 3444 693 3503 osculandum
708 3453 736 3501 et
749 3460 842 3502 coram
857 3461 893 3502 eo
904 3444 1057 3517 relinquat,
1072 3452 1181 3502 moneat
1195 3445 1377 3512 domesticos,
1399 3446 1428 3495 ut

110 3538 295 3602 anuescente
308 3533 404 3589 mcrbc
416 3531 502 3603 ipsum
518 3531 667 3588 Parocbum
678 3536 819 3587 accersant
830 3529 865 3585 ad
879 3530 994 3586 animam
1006 3532 1062 3587 Dec
1079 3529 1329 3587 commendendam.

174 3611 206 3690 1)
227 3617 283 3689 lpsi
298 3616 398 3675 uetusti
410 3614 535 3684 Ordines,
548 3631 617 3688 quos
627 3631 709 3687 supra
721 3614 931 3685 exscripsimus,
949 3615 1110 3685 ostendunt,
1125 3615 1271 3687 antiquitus
1286 3607 1428 3666 ecclesiam

110 3700 194 3761 aliter
208 3701 359 3759 censuisse.
390 3699 471 3772 Apud
485 3714 580 3756 cmnea
594 3699 684 3771 quoad
697 3698 781 3756 sciam
796 3699 1001 3757 Sacramentum
1015 3699 1219 3767 Eucharistiae,
1240 3696 1301 3752 bnis
1317 3709 1350 3748 ac
1365 3708 1429 3762 per·

111 3785 196 3841 iectio
209 3785 326 3840 omnium
340 3785 575 3840 sacramentorum
589 3800 621 3838 ac
636 3783 770 3840 viaticum
784 3782 937 3841 moribundi
953 3784 1055 3857 excipit
1065 3786 1266 3840 Sacramentum
1279 3776 1428 3834 linctionia.

111 3869 288 3941 Quapropter
295 3869 464 3926 liubricistae
479 3867 660 3937 recentiores,
671 3867 724 3924 etsi
734 3868 891 3925 hodiernam
903 3868 1040 3925 ecclcsiae
1056 3865 1278 3924 consuetudinem
1293 3874 1430 3916 commen-

113 3953 189 4023 dent,
204 3951 358 4010 concedunt
372 3953 452 4011 multa
467 3966 518 4022 pro
530 3952 640 4023 antiquo
655 3951 747 4009 aberni
759 3968 841 4023 posse
856 3953 1012 4024 probabilia
1025 3957 1191 4022 arguments.
1225 3946 1337 4002 llellner
1352 3944 1430 4014 Sum·

112 4038 192 4095 bolilr
209 4035 260 4093 der
274 4038 349 4092 lueth.
363 4037 396 4097 ll.
416 4054 442 4109 p.
457 4036 508 4091 tot
532 4036 619 4106 „Wic
636 4036 755 4107 passend
772 4036 902 4104 ttbrinens
914 4037 1001 4092 Busae
1018 4035 1073 4093 uud
1087 4031 1256 4091 Abendmabl
1273 4031 1341 4086 nacla
1354 4029 1430 4085 ihrer

114 4121 256 4191 Wirlsung
267 4121 469 4191 vcnlaergeben,
481 4120 600 4175 leucbtet
611 4119 665 4189 ein,
678 4121 744 4174 aber
755 4119 810 4174 wie
821 4126 897 4189 passt
906 4135 966 4173 aum
973 4118 1109 4176 dustande
1124 4115 1374 4172 der'lodtluraclseu
1385 4112 1430 4169 die

113 4206 276 4276 Foederunp
290 4205 340 4261 der
354 4206 526 4274 Satisiactio,
542 4204 586 4260 die
600 4203 670 4260 doch
685 4221 744 4260 acm
757 4204 936 4261 Sacramenta
951 4202 1003 4260 dsr
1018 4205 1102 4261 Basse
1117 4196 1267 4270 cancrent

175 4286 209 4365 2)
223 4290 393 4347 Tamascani
405 4290 450 4361 pie
463 4288 629 4353 credendum
643 4289 689 4359 sit,
701 4288 775 4360 quod
786 4287 866 4344 etiam
877 4286 1014 4358 pessimus
1028 4293 1170 4358 peccator,
1182 4302 1213 4341 se
1224 4283 1339 4343 vicinum
1349 4282 1430 4340 morti

115 4374 253 4443 mutiens,
266 4381 380 4433 conetur
391 4381 479 4434 aetum
494 4373 679 4446 poenitentiae
688 4373 802 4443 elicere,
816 4369 960 4430 laudabilis
974 4370 1119 4429 suboritur
1130 4368 1288 4427 doctoribus
1299 4366 1431 4426 dubitatio

115 4475 150 4517 es
163 4455 314 4517 maiiiestis
327 4458 534 4530 peccatoribus,
549 4458 689 4517 undecima
704 4459 772 4517 bora
787 4457 823 4513 ed
836 4455 977 4515 bominum
993 4455 1168 4515 venientibus
1183 4454 1383 4513 Sacramentum
1396 4448 1432 4506 ait

116 4542 315 4614 mumdum.
