3046 4942
660 384 665 393 Ι
717 262 791 356 aaa

88 483 193 549 netem
209 477 261 540 nel
275 478 371 541 serlus
384 477 612 554 confitentibus,
632 477 681 543 aei
699 478 730 543 ιιι
744 487 868 557 peccata
885 473 1208 557 conticescendum,
1226 478 1412 545 utilissimum

88 580 375 657 cerimoniae,
398 588 428 641 ut
442 598 551 660 saepe,
571 587 640 659 pata
653 579 747 642 semel
760 582 789 641 in
807 597 928 655 meane,
943 579 992 644 uel
1006 580 1097 643 certis
1113 580 1218 643 dicbus
1232 582 1414 649 solennitas

88 684 312 761 annuteantnr,
336 693 368 745 st
381 683 406 743 ai
422 682 562 763 expediat
580 683 805 745 communicent.
826 714 864 724 —
888 682 1089 745 Poecileutias
1103 685 1287 761 pecuniarias
1301 685 1357 747 ribi
1370 686 1415 765 ip·

88 786 127 849 ds
150 786 334 846 confessarii
355 802 414 845 non
435 784 597 865 applicent,
618 802 716 865 neque
735 802 752 845 a
768 783 990 864 poenitentibus
1005 784 1162 866 quidquam
1174 795 1319 865 umquam
1332 788 1415 849 otini·

88 886 177 953 hoii
191 889 353 968 praemium
369 895 470 966 petant
486 885 533 948 rel
546 888 701 967 accipiant.
721 918 759 929 -
777 887 836 951 Pro
851 888 982 967 peccatis
996 887 1133 963 occultis,
1148 889 1333 967 quantumvis
1346 906 1413 965 gra·

88 988 199 1069 elom,
214 989 398 1051 manifestam
417 991 627 1070 poenitentiam
642 1007 702 1053 uon
716 989 876 1069 imponant.
897 1018 936 1029 -
956 987 1062 1051 vident
1074 999 1172 1050 autern
1186 991 1348 1069 diligenter
1361 992 1413 1054 Sa·

88 1090 220 1168 nudos,
241 1082 365 1172 quaudl
379 1100 409 1151 et
430 1091 536 1172 quibus
550 1090 732 1155 conferenda
746 1090 794 1155 rel
810 1089 945 1169 neganda
959 1091 1008 1152 vel
1023 1090 1184 1155 dlderenda
1200 1095 1239 1154 slt
1250 1092 1414 1165 absolutius

88 1208 127 1255 aa
146 1192 289 1256 absoluat
309 1212 380 1272 eos,
403 1194 452 1273 qui
473 1193 539 1255 talis
560 1193 700 1255 teneicit
714 1203 783 1257 suut
795 1195 968 1274 incapaces:
986 1194 1089 1274 quales
1104 1204 1172 1255 sunt
1185 1197 1234 1275 qui
1250 1194 1330 1257 nulla
1345 1194 1415 1255 daut

88 1294 181 1373 dgna
194 1294 318 1372 doloris,
333 1298 381 1376 qui
396 1298 464 1358 odia
478 1304 508 1357 ct
522 1297 689 1357 inimicitias
700 1296 863 1376 deponere,
878 1306 926 1358 aut
936 1295 1042 1373 aliena,
1056 1298 1082 1357 si
1095 1307 1230 1376 possunt,
1240 1298 1412 1379 restituere,

88 1405 139 1467 ,nt
151 1399 321 1477 proximam
334 1396 477 1478 peccandi
491 1399 678 1459 occasionem
691 1397 845 1474 deserere,
856 1407 906 1459 aut
917 1398 976 1460 alio
986 1399 1073 1461 modo
1082 1398 1411 1479 pacceladeccllqucre,

88 1504 120 1559 nt
132 1500 228 1560 vitam
242 1500 272 1560 in
285 1498 391 1559 melius
404 1497 563 1560 emendare
575 1498 695 1575 uolunt,
709 1508 760 1560 aut
774 1501 824 1578 qul
841 1496 988 1580 publicum
1002 1491 1170 1562 scandalum
1184 1501 1340 1575 dederuut,
1354 1500 1411 1565 niel

88 1601 216 1687 pulice
235 1600 433 1675 satisfaciant,
454 1608 484 1660 et
500 1599 669 1661 scandalum
685 1599 806 1667 tollant:
827 1618 923 1680 oeque
937 1603 1024 1662 etiam
1040 1619 1094 1661 eoa
1112 1600 1263 1678 absolvat,
1288 1614 1411 1683 quorum

88 1700 220 1781 peccata
240 1709 308 1761 suut
326 1701 532 1781 superioribus
556 1710 718 1761 reservata.
746 1731 784 1742 -
810 1700 844 1760 sl
867 1719 940 1762 vero
962 1703 1027 1781 qula
1042 1702 1218 1762 confiteatur
1233 1703 1262 1762 in
1276 1702 1411 1781 periculo

88 1802 200 1865 bortis
214 1803 410 1880 constitutas,
426 1800 627 1864 absolvendus
641 1810 687 1863 est
698 1802 735 1862 ab
750 1802 886 1864 omnibus
901 1805 1033 1881 peccetis
1046 1812 1076 1862 et
1089 1804 1240 1878 censuris,
1262 1810 1412 1882 quantuni·

88 1902 135 1967 sla
155 1904 332 1981 reservatis,
346 1900 459 1979 (emeat
474 1905 551 1965 enim
565 1912 635 1966 tnnc
648 1906 745 1966 onnuls
758 1900 950 1982 reservatio),
964 1902 1018 1965 sed
1032 1905 1126 1985 prius,
1140 1904 1166 1965 sl
1179 1913 1289 1983 potest,
1304 1905 1350 1966 cui
1362 1903 1411 1964 de·

88 1998 154 2084 bet,
169 2005 347 2075 sntialaoial3
366 2024 402 2068 ac
414 2007 440 2067 ai
454 2005 615 2086 periculu-
631 2009 771 2082 evaserit,
787 2016 817 2067 et
831 2006 927 2087 aliqua
942 2009 1058 2068 ratione
1071 2008 1220 2087 superiori
1234 2024 1251 2067 a
1265 2025 1324 2086 quo
1339 2006 1411 2067 alias
1479 2084 1483 2091 Ι

88 2116 175 2171 net
193 2106 412 2185 absolvendus,
433 2125 468 2169 se
484 2109 594 2169 sistere
611 2115 761 2176 teneatura
780 2126 845 2167 eum
864 2109 985 2187 primurn
1003 2110 1130 2188 poterit,
1156 2126 1254 2170 corana
1269 2126 1308 2171 eo
1324 2127 1358 2169 se
1371 2109 1411 2169 si·

88 2214 161 2287 ttdt,
178 2208 318 2290 quidquid
332 2209 421 2271 debet
434 2210 638 2290 praestituros.
661 2241 699 2253 -
718 2209 804 2285 Quod
819 2209 844 2269 ιι
859 2210 937 2271 inter
950 2209 1147 2273 conitendum
1159 2209 1209 2271 vel
1227 2211 1315 2270 etiarn
1327 2218 1411 2269 ante·

88 2324 178 2394 qum
191 2313 314 2393 incipiat
328 2313 481 2388 eonitcrl,
495 2330 558 2374 vox
571 2320 602 2372 et
614 2311 733 2391 loquela
746 2330 868 2388 aearum
883 2312 1017 2389 deliciet,
1032 2313 1152 2373 nutibus
1164 2320 1195 2372 et
1208 2309 1305 2388 signis
1318 2326 1409 2371 noue-

88 2416 160 2492 ιιι,
171 2414 270 2494 quoad
284 2416 348 2477 eins
362 2414 425 2475 ieri
440 2415 568 2494 poterit,
582 2422 705 2494 peccata
719 2415 902 2494 poenitentis
915 2431 1119 2491 cognoscerc;
1140 2413 1246 2492 quibua
1260 2422 1409 2490 utcunque

88 2516 141 2577 eei
162 2517 192 2576 ln
212 2534 329 2595 penore
348 2516 397 2578 rel
417 2518 447 2577 lu
464 2517 567 2596 specie
582 2517 728 2593 cognitis,
749 2514 918 2592 ueletiam,
938 2517 964 2575 si
976 2514 1136 2576 conlitendi
1151 2512 1330 2574 desideriosa
1343 2513 1409 2573 niae

88 2632 148 2699 par
159 2636 194 2678 ae
207 2619 274 2680 nire
287 2634 342 2698 per
355 2617 431 2679 allos
444 2618 621 2694 ostenderit,
633 2616 834 2679 absolvendas
848 2625 903 2678 est.
919 2647 958 2659 —-
971 2609 1239 2696 lierniueritporro
1248 2611 1407 2688 Sacerdos,

88 2721 193 2799 aegris
211 2738 273 2783 non
296 2738 365 2785 ense
388 2718 598 2798 iniungendum
619 2736 741 2797 gennem
754 2729 805 2781 aut
821 2719 1000 2782 laboriosnm
1014 2718 1245 2801 poenitentiam
1264 2715 1319 2777 sed
1333 2713 1407 2776 iudi·

88 2820 216 2884 melam
228 2831 339 2883 tantam
352 2822 442 2900 illam,
456 2838 541 2902 quana
554 2824 579 2882 si
596 2821 812 2899 convaluerint,
830 2832 1002 2902 opportuno
1016 2832 1152 2902 tempore
1166 2827 1320 2900 peragant.
1359 2816 1406 2877 lu·

88 2927 180 2987 terim
193 2925 275 2985 iuxta
285 2926 460 3003 gravitatem
475 2923 581 3000 morbi,
600 2924 697 3004 aliqua
711 2925 848 2986 oratioue
862 2934 912 2986 aut
925 2924 986 2985 leri
1001 2923 1208 2988 satisfactione
1225 2920 1361 3000 imposita
1375 2925 1407 2979 et

88 3033 257 3107 aceeptnta,
272 3024 478 3104 comitentur,
492 3034 581 3106 prout
594 3040 669 3106 opus
682 3025 783 3086 inerit.

504 3183 808 3259 Absolutiouis
842 3184 991 3257 foruna.

194 3326 266 3393 Corn
284 3330 376 3411 igitur
393 3333 596 3415 poenitentem
611 3327 770 3391 absolvere
784 3323 913 3392 voluerit
927 3329 1054 3390 iniuncta
1069 3328 1098 3386 ei
1111 3326 1193 3407 prius
1209 3332 1239 3385 et
1252 3318 1288 3381 ab
1304 3337 1341 3381 eo
1356 3336 1403 3381 ao·

90 3440 207 3515 septais
219 3430 341 3503 saluieti
356 3435 538 3515 poeniteatis
553 3433 647 3512 primo
661 3429 746 3491 dioit:
1067 3412 1075 3421 ’

190 3523 400 3598 Misereatur
440 3529 489 3596 tui
523 3526 737 3619 omnipotens
770 3523 865 3593 Deus
904 3531 938 3592 et
973 3516 1121 3593 dimissis
1151 3517 1300 3612 peccatis
1334 3513 1403 3584 luis

89 3626 256 3722 perducat
275 3636 311 3699 te
330 3628 375 3699 ad
400 3630 505 3699 vllam
529 3638 711 3697 aeternam.
759 3625 882 3695 Anien.

190 3737 309 3805 Deinde
322 3739 446 3801 dextera
459 3757 565 3800 versus
579 3738 781 3818 poenitentem
796 3735 910 3796 elevata
924 3732 1007 3794 diolt:

189 3826 455 3927 Indulgentiam,
481 3830 732 3907 absolutionem
760 3838 794 3900 et
815 3827 1063 3908 remissionem,
1084 3819 1400 3914 p000810rumiu0·

89 3953 163 4005 rum
187 3932 316 4009 tribuat
340 3935 401 4013 tili
424 3937 639 4028 omnipotens
666 3942 701 4003 et
721 3932 918 4003 misericors
943 3923 1117 3995 Dominus.
1166 3915 1291 3987 Arnen.
1322 4014 1329 4030 ὑ

188 4034 359 4109 Doruiuus
381 4046 500 4109 noster
517 4034 615 4107 lesus
635 4031 789 4105 Christus
811 4040 846 4100 te
864 4026 1033 4109 absolvat,
1054 4028 1089 4090 el
1110 4039 1177 4109 ego
1199 4020 1402 4131 auctoritato

88 4136 194 4231 ipsius
220 4146 257 4208 ie
283 4137 429 4211 absolvo
456 4138 499 4208 ab
526 4138 617 4208 omni
643 4134 783 4205 vinculo
810 4121 1183 4239 excommunicationis,
1205 4135 1403 4209 suspensio·

88 4238 139 4310 uis
160 4246 197 4310 et
223 4239 406 4333 interdicti,
427 4243 462 4313 in
489 4248 649 4333 quantum
676 4252 815 4332 possum
837 4238 872 4299 et
893 4236 929 4296 iu
950 4224 1094 4339 indiges.
1131 4224 1247 4337 Deinde
1262 4216 1341 4309 Ego
1366 4224 1403 4285 te

88 4338 235 4417 absolvo
257 4363 276 4412 a
298 4346 450 4438 peccatis
472 4345 538 4415 tuis
556 4343 591 4412 iu
611 4340 748 4412 nominc
767 4333 877 4409 Patris
898 4325 928 4420 l
954 4335 989 4399 ct
1009 4322 1088 4399 Filia
1108 4330 1142 4393 ct
1157 4317 1302 4415 Spurius
1315 4315 1403 4397 snu-

88 4445 140 4523 cti
190 4443 317 4527 enen
1019 4529 1027 4546 ‚
1078 4474 1117 4544 ,-

192 4554 226 4616 Si
240 4556 399 4635 pnenltens
411 4555 452 4619 sit
463 4553 558 4614 laicos
576 4552 721 4613 omittitur
734 4548 857 4610 verbnm
870 4547 1115 4627 suspensionis.
1129 4627 1171 4692 21
1190 4632 1206 4673 *
