3060 4934
794 268 872 339 fflss

179 454 274 528 tione
295 450 517 547 negligenter
543 450 683 544 egistis,
715 470 783 527 vos
816 449 975 525 absolvat
1006 448 1116 522 sancti
1147 450 1201 521 sui
1235 448 1414 542 sauguinis
1440 450 1477 521 iu·

181 558 418 643 lerventioue‚
454 555 512 647 qui
537 554 573 624 in
600 556 839 628 remissionem
870 562 1092 649 peccatorum
1119 551 1249 624 ellusus
1269 560 1325 625 est
1347 559 1477 644 atquoe

127 662 137 670 “
178 656 325 729 vinculis
352 664 573 751 peccatorum
604 654 1001 752 absolutosperdueere
1028 653 1188 745 dignetur
1212 650 1257 724 ad
1281 672 1394 745 regna
1412 673 1476 724 coe

56 757 58 760 ⁴
166 756 301 833 dorum.
345 754 425 829 Per.
576 808 581 821 .
1333 830 1340 845 ,
1449 844 1452 849 ¹

174 844 177 851 ⁵
282 867 406 928 Tuucl’.
421 866 582 946 adspergat
596 885 649 929 eos
662 885 738 948 aqua
749 866 907 929 benedicta
921 864 1113 933 octoubres
1127 880 1179 926 eos
1193 863 1310 929 dicens:
1325 853 1476 948 Exurgile

178 962 238 1056 qui
251 960 591 1052 dormitisexurgite
605 983 625 1030 a
639 963 782 1034 mortuis
796 969 831 1031 et
843 956 1043 1030 illuminabit
1056 952 1302 1041 verebuntur.
1324 965 1476 1028 Ultimum

179 1073 224 1132 eia
241 1071 453 1150 indulgentiam
467 1078 555 1150 prout
569 1072 625 1132 sibi
639 1071 793 1152 placuerit.
835 1070 898 1144 Qua
912 1069 978 1131 data
991 1069 1125 1151 manibus
1135 1066 1264 1130 elevatis
1279 1074 1412 1148 etasupra
1425 1065 1475 1129 dtu

179 1175 313 1235 extensis
327 1173 398 1235 dicit
412 1171 586 1233 sollemnem
595 1170 849 1241 ¹benedictionem.
890 1160 1056 1234 Precibus
1077 1166 1111 1233 eb
1129 1161 1259 1232 meritis
1281 1159 1408 1255 bealae
1420 1157 1476 1233 ffi-

176 1268 252 1335 riae
274 1286 410 1358 semper
431 1266 597 1356 virginis„
613 1264 704 1336 beati
724 1264 904 1337 Michaelis
925 1262 1136 1356 archangeli,
1158 1259 1410 1353 beatislopmis
1424 1259 1473 1331 lie

177 1367 315 1460 ptistae⁷
341 1374 537 1441 sanctorum
558 1365 809 1461 Apostolorum
831 1366 923 1439 Petri
951 1374 985 1437 et
1005 1365 1104 1437 Pauli
1129 1373 1164 1435 et
1185 1366 1336 1437 omnium
1351 1360 1473 1439 suot

177 1487 254 1537 rum
282 1468 615 1543 misereatursvestri
637 1471 852 1564 omatipoteus
874 1467 970 1539 Deus
999 1476 1033 1537 et
1059 1466 1206 1538 dlmissis
1229 1464 1387 1537 omnibus
1410 1484 1471 1561 pec

178 1570 265 1640 catis
292 1571 418 1642 vestris
444 1568 611 1664 perducat
634 1578 701 1642 'uos
728 1571 902 1642 advitam
928 1578 1110 1640 aeternam.
1154 1566 1279 1638 Amen.

280 1668 550 1763 Indulgentiam‚
588 1672 840 1757 absolutionem
872 1681 906 1744 et
937 1672 1176 1763 remissionem
1199 1671 1352 1741 omnium
1369 1685 1468 1767 pecca

176 1779 290 1845 torum
315 1782 510 1855 vestrorum
535 1773 660 1849 tribuat
680 1774 781 1849 vobis
800 1775 1016 1870 omnipotens
1038 1781 1074 1844 et
1091 1772 1289 1844 misericors
1316 1769 1467 1843 Dominus

175 1870 300 1945 Amen

279 1984 389 2046 Ultimo
417 1984 568 2047 benedicit
595 1987 639 2047 eis
669 1987 787 2048 diceus:
827 1975 1016 2051 Benedicat
1049 1992 1117 2048 ves
1148 1974 1363 2069 omnipotens
1392 1970 1468 2043 Deus

176 2071 360 2164 imiter,
387 2087 421 2148 et
443 2075 527 2167 Fi†
543 2078 609 2150 lius
635 2088 671 2150 et
696 2078 843 2173 Spiritus
864 2074 896 2167 i
921 2076 1076 2151 Sanctus.
1129 2075 1254 2147 Amen.
1356 2116 1360 2121 -
1427 2134 1430 2141 .

281 2185 347 2259 Quo
361 2186 440 2247 iacto
456 2189 558 2251 cunas
568 2197 599 2249 et
611 2187 748 2267 barbam,
763 2207 848 2268 quem
861 2188 1040 2263 nutrierant,
1060 2187 1213 2269 deponunt
1226 2195 1258 2247 et
1269 2184 1399 2275 sputu
1411 2197 1467 2264 poe

177 2285 379 2349 uiteutialibus
392 2287 518 2351 dimissis
530 2308 565 2353 se
579 2289 753 2353 cultioribus
767 2299 798 2351 et
812 2288 1014 2355 mundioribus
1027 2287 1161 2373 iuduunt.

734 2527 930 2541 ..-..----

115 2742 119 2749 “
174 2777 227 2853 11.
256 2780 382 2855 enno
409 2779 645 2867 Androcus
671 2782 1016 2858 Poumnunnnu
1040 2783 1282 2857 Pnrvnrnu
1302 2784 1331 2857 n
1350 2722 1465 2858 amno

292 2987 297 2995 g
410 2899 599 2972 nnnmcr
623 2899 741 2976 nous
770 2904 831 2975 uu
859 2902 1040 2985 onnus
1065 2926 1097 2999 p.
1128 2907 1210 2976 133.
1221 2901 1253 3002 1)

280 3074 350 3140 Gum
365 3081 482 3151 uenerit
494 3072 600 3163 aliquis
613 3081 649 3144 ad
663 3083 849 3161 sacerdotem
863 3083 999 3146 confiteri
1012 3092 1133 3163 peccata
1148 3069 1254 3170 arga,²)
1269 3081 1386 3145 mandet
1399 3081 1467 3171 eim·

174 3178 301 3258 ocrdos,
323 3190 355 3242 ut
374 3191 514 3262 expectet
530 3185 676 3247 modicum
696 3185 794 3248 donec
815 3189 905 3248 intret
926 3189 956 3247 in
976 3184 1142 3248 cubiculum
1159 3204 1243 3246 suum
1258 3182 1295 3246 ad
1312 3185 1468 3249 orationem

174 3280 207 3342 si
223 3270 359 3358 autem³)
374 3303 433 3345 non
449 3285 585 3347 habuerit
599 3286 778 3364 cubiculum,
793 3296 962 3368 prosternat
975 3305 1008 3348 se
1023 3287 1052 3348 iu
1067 3288 1203 3349 oratioue
1221 3296 1254 3351 et
1266 3273 1399 3366 terrm)

276 3374 422 3447 Domine
448 3376 562 3468 Deus,
589 3383 822 3475 omnipotens,
848 3383 1014 3478 propitius
1037 3389 1112 3452 esto
1135 3380 1216 3451 mihi
1236 3380 1424 3476 peccatori,
1444 3379 1472 3444 ul

173 3475 345 3569 condigne
372 3482 500 3572 possim
525 3481 585 3552 tibi
611 3484 738 3573 gratias
765 3505 884 3576 agere,
908 3485 965 3577 qui
984 3503 1039 3551 me
1061 3481 1236 3574 indignum
1257 3490 1402 3578 propter
1426 3477 1473 3549 mi·

171 3579 396 3650 sericordiam
429 3583 617 3653 ministrum
646 3583 759 3657 iecisti
789 3584 892 3656 officii
920 3582 1166 3674 sacerdotalis,
1192 3594 1226 3655 et
1247 3606 1303 3654 me
1324 3585 1474 3676 exiguum

171 3677 401 3776 humilemque
430 3682 652 3755 mediatorem
675 3690 877 3759 constituisti
899 3686 943 3757 ad
964 3685 1130 3756 erundum
1151 3695 1185 3757 et
1207 3683 1476 3758 intercedendum

171 3780 216 3851 ad
234 3781 415 3855 Dominum
435 3795 589 3856 nostrum
615 3786 728 3859 lesum
750 3786 932 3876 Christum,
953 3806 1016 3884 pro
1037 3787 1277 3881 peccatoribus
1300 3787 1344 3858 ad
1371 3783 1478 3883 poeni

170 3888 310 3957 tentiam
329 3885 603 3980 revertentibus,
629 3882 779 3986 ideoque
807 3891 997 3963 dominator
1016 3887 1176 3980 Domine
1196 3892 1253 3984 qui
1277 3909 1401 3963 omues
1428 3885 1478 3957 lo·

228 4193 258 4272 1)
272 4196 388 4255 Adiecta
401 4201 443 4254 ost
452 4197 586 4270 scripture
599 4198 710 4257 Codicis
720 4199 805 4257 Siculi
818 4199 889 4271 apud
900 4201 1030 4258 lloriuuru
1039 4207 1071 4259 ὀι
1079 4198 1188 4257 Codicis
1199 4198 1267 4256 bibl.
1276 4199 1358 4259 Caes.
1367 4199 1478 4259 mulos.

170 4294 244 4335 saec.
259 4276 293 4337 X.
313 4283 437 4339 Gerbert.
452 4284 524 4340 llou.
535 4285 564 4340 t.
579 4285 613 4342 A„
625 4283 660 4342 ll.
676 4303 702 4357 p.
714 4287 749 4339 25
760 4300 803 4354 sq.

231 4363 263 4439 ἢ)
280 4365 337 4424 Sic.
356 4383 451 4424 more
475 4368 590 4426 colito
614 4385 685 4425 cum
705 4367 846 4438 aliquis
866 4370 1009 4427 venerit
1031 4377 1085 4427 eto.
1120 4367 1203 4425 Vird.
1223 4367 1476 4427 omittitonuiaur

47 4483 50 4489 -
171 4459 224 4515 que
241 4448 276 4502 ad
293 4449 378 4505 verba
398 4467 467 4520 quae
482 4452 553 4508 inira
568 4454 710 4524 leguntur:
730 4453 821 4509 lunc
843 4451 1146 4526 interrogeteum
1162 4452 1292 4512 diceus
1307 4461 1362 4512 etc.
1384 4450 1475 4530 mic

172 4529 307 4586 rectiussi
326 4540 447 4587 autem.
476 4534 1474 4610 4)Sic.priuaiuoccretocordisbencdioatoratioasu.
