3046 4942
719 302 794 373 316

102 494 232 567 fessum
259 487 418 585 (tessun)
444 491 614 560 iacentem
640 485 818 560 salutifere
845 488 988 558 visitare
1008 484 1180 579 digneris,
1208 495 1250 559 ut
1272 487 1356 563 sicut
1371 489 1408 561 vi

103 599 208 667 sitare
233 592 391 684 diguatus
411 612 450 662 ee
472 589 619 661 Domine
642 588 785 661 'lobiam
808 599 842 660 et
861 588 981 660 Sarum
1001 596 1036 658 et
1055 608 1200 663 sacrum
1219 587 1408 685 Petriffle

104 717 247 790 rumque
278 692 513 765 centurionis:
544 695 590 762 ita
622 701 657 763 et
686 694 753 763 iste
781 688 876 785 (ista)
900 693 1041 785 pristina
1068 691 1221 762 sanitate
1243 692 1408 765 animes-at

104 799 262 892 corporis
281 804 435 889 recepta,
458 797 644 885 gratiarum
665 794 726 865 tihi
746 793 781 863 in
801 789 964 867 Ecclesia
986 802 1044 863 tua
1065 789 1203 863 referat
1224 795 1399 867 actium-

207 898 357 991 Respice
384 895 531 967 Domine
561 898 730 991 propitius
762 917 868 990 super
892 893 984 965 huuc
1007 893 1175 967 famulum
1203 903 1302 965 taum
1327 893 1408 988 (ιι

106 1000 267 1072 famulam
289 996 395 1093 tuam)
419 1010 453 1069 et
473 1018 575 1092 opem
598 996 741 1069 eiferre
759 997 903 1088 dignare
921 994 1174 1091 superlectum
1193 994 1328 1071 lahoria
1342 994 1408 1075 eh

104 1104 202 1190 Pone
221 1101 368 1173 Domine
395 1121 529 1169 manum
555 1109 647 1170 tuam
669 1103 704 1169 in
723 1120 859 1171 manum
879 1118 991 1169 meam
1011 1106 1047 1168 et
1066 1099 1204 1192 impera
1226 1097 1408 1190 aegritudi

106 1193 180 1276 eius
206 1223 250 1273 ue
276 1203 344 1271 mei
362 1203 556 1295 peccatoris
583 1223 720 1271 manum
747 1211 886 1295 spernat
916 1197 1103 1287 infirmitas„
1130 1198 1199 1273 sed
1226 1198 1271 1270 ad
1292 1202 1408 1275 inuam

105 1311 233 1380 tionem
258 1307 307 1374 tui
328 1305 474 1375 nominis
494 1312 671 1373 avertatur
702 1311 737 1372 et
762 1301 883 1394 fugiat,
909 1311 946 1372 ut
968 1301 1024 1372 hic
1049 1299 1203 1374 famulus
1229 1312 1308 1377 tuus
1328 1299 1406 1396 (hut

106 1406 233 1478 famula
253 1404 326 1500 tua)
351 1408 443 1476 omni
465 1404 634 1495 languore
657 1400 801 1497 depulso
825 1402 868 1474 ad
888 1405 1066 1476 sanitatem
1088 1400 1249 1475 refectus
1269 1400 1403 1501 (raised

108 1518 258 1598 exurgat
284 1517 319 1577 et
342 1514 583 1602 praesentetur
606 1504 776 1576 ecclesiae
795 1514 876 1576 tuae
894 1514 1034 1576 sanctae
1050 1514 1089 1575 ut
1107 1508 1243 1596 gratias
1266 1515 1343 1598 agat
1357 1512 1401 1581 ‘ak

207 1607 304 1680 Deus
331 1610 389 1703 qui
414 1607 550 1679 beatum
568 1607 707 1678 Petrum
726 1606 934 1701 Apostolum
955 1608 1077 1678 misisti
1103 1606 1147 1677 ad
1170 1604 1400 1680 sanandamle

108 1711 366 1799 uoluminum,
391 1719 428 1781 ut
455 1711 528 1781 eius
552 1708 712 1804 precihus
738 1710 960 1793 suscitaretur
986 1705 1029 1778 ad
1054 1709 1184 1794 vitam,
1212 1709 1337 1782 exaudi
1355 1726 1408 1791 Ι,-

108 1833 327 1905 quaesumus‚
345 1821 383 1881 ut
406 1809 484 1882 hnic
505 1810 634 1882 famulo
655 1819 714 1882 tuo
736 1805 900 1903 (famulae
920 1806 1016 1904 tuae)
1037 1831 1139 1903 quem
1161 1807 1299 1907 (mam)
1316 1814 1400 1893 iuter

108 1917 245 1987 nomine
267 1916 382 1988 visitat
405 1923 524 1985 nostra
543 1911 713 2003 fragilitas
736 1922 853 1983 curata
876 1911 1066 1982 medicinae
1087 1920 1171 1982 tuae
1194 1912 1329 1987 medela
1345 1906 1400 1987 aul

110 2019 235 2089 veniat.

28 2112 34 2117 ’
210 2115 305 2187 Deus
337 2116 392 2209 qui
418 2113 548 2182 lamule
574 2122 634 2184 tuo
661 2112 833 2184 Ezechiae
865 2124 920 2185 ter
952 2115 1075 2208 quinos
1109 2134 1225 2188 annus
1258 2115 1301 2187 ad
1323 2119 1401 2191 vtt-

109 2214 253 2302 donasti‚
280 2218 326 2284 itu
352 2223 387 2285 et
412 2213 575 2285 famulum
594 2224 687 2285 tuum
711 2210 888 2306 (famulam
910 2225 1015 2303 tuam)
1042 2215 1179 2286 alecto
1204 2216 1402 2310 aegritudiuis

109 2327 165 2387 tua
184 2319 333 2411 potentia
361 2318 472 2408 erigat
493 2314 536 2384 ad
559 2316 712 2387 salutem.
1360 2404 1362 2409 Ι

210 2416 306 2489 Deus
320 2418 382 2491 suh
397 2421 493 2492 cuius
503 2417 640 2490 nutibus
650 2423 1065 2493 vitaenostraemomeuta
1075 2417 1403 2511 decurruntutpatt.

212 2518 434 2615 Omnipotens
466 2523 673 2615 sempiterne
698 2522 794 2592 Deus
825 2522 881 2614 qui
906 2542 970 2615 per
995 2520 1133 2592 beatum
1153 2518 1318 2595 lucabum
1344 2532 1406 2618 apo

110 2622 234 2696 stolum
256 2632 350 2693 tuum
378 2621 511 2710 dixisti,
537 2641 569 2692 ut
588 2651 617 2712 p.
637 2629 710 2692 310.
757 2623 825 2695 Per
850 2622 949 2692 Dom.
1002 2628 1045 2712 lh.
1073 2623 1196 2695 Amen.

211 2733 243 2791 Si
265 2732 356 2808 longo
372 2741 506 2812 ternpore
519 2750 579 2792 non
595 2733 684 2793 inerit
703 2733 860 2793 confessus
873 2734 1018 2811 iulirmue,
1041 2743 1223 2799 moneatura
1237 2734 1408 2799 Parochott

109 2841 230 2911 peccata
242 2850 295 2919 sua
310 2833 494 2893 confiteatur.
521 2834 553 2893 Si
566 2852 639 2895 uero
655 2833 684 2895 id
698 2834 798 2895 lacere
815 2852 875 2896 nou
891 2845 992 2913 puteat
1006 2836 1055 2897 rel
1070 2835 1171 2916 paullo
1183 2845 1253 2909 rute
1266 2838 1408 2899 contu·

109 2931 180 3008 luit,
201 2950 257 3012 per
277 2951 311 2994 ee
332 2943 381 2994 aut
401 2934 488 2995 alium
503 2934 591 2995 imme
607 2954 662 3016 per
675 2938 770 3015 ipsum
785 2938 873 2997 etiam
888 2937 1078 2999 Sacerdotem
1093 2936 1267 3014 generalem
1290 2939 1340 3001 dat
1355 2956 1407 3000 eor

110 3033 272 3095 laesionem
285 3037 314 3094 in
329 3035 406 3095 hune
420 3024 593 3123 modum:¹)
1069 3112 1073 3123 ι
1154 3016 1161 3033 ’

210 3124 270 3196 lch
297 3148 410 3198 armar
436 3127 600 3222 siindiger
619 3129 763 3203 ltlensch
787 3130 960 3224 widersag
986 3126 1069 3202 dem
1089 3129 1203 3205 hdsen
1228 3130 1351 3222 rema,
1370 3130 1408 3203 d-

109 3227 176 3297 lem
198 3231 328 3300 seinem
351 3228 542 3320 Eingehem
564 3230 651 3302 Rath
670 3231 739 3302 und
762 3231 857 3304 That.
901 3230 960 3303 leh
981 3231 1084 3324 glaub
1107 3233 1143 3303 in
1165 3231 1250 3307 Gott
1269 3234 1336 3307 deu
1354 3230 1408 3304 lla

107 3336 179 3415 ter,
213 3326 293 3401 Gott
323 3330 389 3401 den
416 3330 511 3403 Sohn
536 3333 603 3404 und
626 3336 660 3402 in
683 3332 763 3404 Gott
789 3334 856 3404 deu
879 3333 1029 3426 heiligen
1050 3332 1155 3407 Geist.
1211 3333 1275 3407 leh
1300 3333 1407 3429 grente

108 3429 265 3519 ganzlich
294 3451 369 3505 was
403 3432 458 3503 die
491 3437 628 3524 gamain
658 3435 852 3507 christliche
874 3435 1000 3507 Kirche
1029 3433 1170 3506 hellehlt
1198 3458 1241 3507 zu
1266 3435 1405 3529 gunter

107 3528 168 3602 Min
191 3531 321 3605 diesem
342 3532 492 3625 heiligen
511 3534 743 3607 catholieoheu
766 3536 921 3610 Glaubeu
940 3536 1075 3608 heichte
1095 3535 1151 3607 ich
1173 3537 1246 3609 und
1267 3537 1406 3611 heteme

109 3631 189 3704 Gott
212 3633 287 3704 dem
313 3633 712 3727 Atlmaohttgen‚t1arie
737 3641 852 3709 seiner
870 3637 1144 3730 hechwitrdigen
1163 3636 1307 3730 hlutter‚
1329 3636 1405 3711 allett

107 3733 268 3827 Heiligen
289 3734 358 3806 und
379 3734 490 3824 Euch,
511 3737 663 3810 Priester
682 3759 726 3808 au
745 3737 865 3812 Gottes
887 3744 979 3829 statt,
1001 3738 1070 3812 und
1088 3738 1180 3832 gehe
1199 3741 1295 3815 mich
1310 3736 1402 3815 eclul·

168 3975 197 4050 l)
213 3971 327 4044 Agenda
346 3973 466 4044 ldogunt.
492 3975 567 4030 teta.
605 3975 653 4032 llic
672 3976 696 4032 ri
716 3978 859 4035 confessus
877 3978 959 4037 luerit
973 3978 1094 4035 lnflrmue
1114 3979 1142 4034 iu
1164 3979 1264 4049 breui,
1286 3973 1401 4050 amath

108 4055 252 4114 Confessio
278 4057 479 4130 praemittatur,
500 4058 524 4114 si
546 4066 634 4115 autem
646 4060 672 4116 iu
687 4061 774 4131 longo
790 4078 843 4118 non
859 4062 941 4118 luerit
955 4063 1098 4119 coufessus
1113 4062 1140 4119 iu
1154 4063 1247 4134 primo
1263 4063 1400 4119 conamur

107 4139 228 4197 lnlirmus
244 4160 293 4214 per
306 4160 353 4211 se,
370 4142 508 4213 sipotest,
524 4143 622 4199 deiude
634 4145 780 4214 Presbyter
796 4145 878 4201 iaciat
892 4148 1050 4216 generalem
1064 4147 1268 4203 ahsolutionem
1283 4160 1358 4220 super
1368 4141 1398 4197 lrr

107 4224 209 4281 firmum
220 4234 249 4281 ut
263 4244 349 4300 capax
361 4226 408 4285 tat
422 4225 529 4296 gratiae
541 4228 716 4291 sacramenti.
735 4229 789 4302 hg.
798 4230 872 4302 ldog.
884 4230 963 4287 1582.
980 4229 1188 4289 contemtorem
1198 4232 1281 4303 aegri
1290 4227 1397 4289 emal*

105 4306 177 4365 tibur
191 4308 252 4365 aliia
268 4310 505 4381 redundantem
521 4313 599 4382 notit,
613 4313 658 4369 vet
672 4313 733 4385 quir
745 4313 773 4371 iu
783 4313 861 4375 brari
872 4321 914 4375 eut
925 4315 1078 4385 coufessus,
1089 4315 1134 4375 ret
1146 4315 1211 4388 quie
1222 4322 1397 4391 propter-u

106 4388 166 4447 bam
181 4393 307 4449 cenitari
322 4394 425 4467 nequit,
441 4403 505 4452 tunc
519 4404 671 4466 moneatur,
684 4398 708 4455 ei
723 4398 787 4470 quid
801 4398 994 4457 conscientiam
1009 4406 1117 4471 gravet,
1132 4400 1231 4461 sultam
1242 4401 1346 4472 orgum
1359 4393 1396 4451 li*

105 4469 171 4530 toris
189 4476 243 4530 det
275 4476 372 4533 Poste·
390 4479 519 4537 recitetur
537 4496 629 4541 coram
642 4482 691 4537 ilio
707 4483 851 4540 confessio
866 4481 1005 4555 gerardis
1020 4499 1146 4543 sumone
1160 4486 1313 4547 remeato
1325 4477 1394 4543 etlt·

104 4560 147 4635 tuf
163 4556 189 4611 ei
204 4556 345 4626 generalis
359 4556 514 4618 Absolutio.
544 4566 612 4621 Dein
626 4565 704 4621 nexis
719 4565 835 4636 genibus
852 4584 911 4624 eum
926 4568 1076 4625 astantibus
1091 4569 1191 4626 recitet
1205 4570 1332 4631 aruum
