3046 4942
681 250 686 258 -
740 194 790 269 ’ὅθ

300 365 533 444 Romilius.
928 357 1272 437 Aussaostnltus.

156 490 248 564 XVI.
279 493 409 567 Deoua
429 491 666 585 diponattlum
691 492 741 561 la-

105 596 247 668 clt‘aotaa
273 599 309 667 ia
335 596 442 666 medio
467 594 601 666 Altera
625 594 742 666 sama

104 697 255 770 mantua
268 723 368 795 aatper
382 698 530 769 ecdicii:

156 798 303 895 Suscipe
333 806 453 873 sancta
481 795 629 870 Trinitas
653 793 742 868 hanc
780 834 788 842 ·

106 901 333 991 oblationem,
356 921 457 996 quam
478 897 539 970 tihi
565 897 740 975 offerimus

106 1004 149 1075 ad
180 1005 379 1075 memoriam
406 1003 598 1098 passionis,
623 1021 740 1074 resur-

82 1191 86 1195 ⁴
104 1108 268 1179 rectionis
283 1114 318 1176 at
330 1103 631 1178 ascensionislesu
644 1099 740 1174 Chri-

105 1212 149 1283 sti
171 1209 309 1279 Domini
330 1209 458 1279 nostri:
487 1216 521 1277 et
548 1209 582 1277 in
606 1205 739 1277 honore

104 1310 228 1382 beatae
245 1307 376 1379 lllariaa
390 1330 528 1404 semper
540 1310 685 1400 virginis
706 1317 741 1378 et
779 1373 784 1381 .

104 1413 197 1485 lraati
210 1409 350 1484 loannis
365 1410 540 1516 Baptistae
554 1419 588 1481 et
604 1419 740 1483 sancto-

104 1537 181 1587 rum
201 1513 452 1609 Apostolorum
472 1513 567 1585 Petri
588 1521 623 1583 et
642 1512 739 1584 Pauli

105 1627 140 1690 at
152 1619 296 1692 istorum
310 1625 344 1687 et
357 1616 506 1687 omnium
513 1612 737 1687 Sanctorumz

103 1728 142 1792 ut
154 1719 223 1792 illis
230 1717 386 1813 proficiat
394 1717 435 1789 ad
444 1717 624 1806 honorem,
639 1715 738 1788 nobis

104 1832 220 1895 autem
233 1818 275 1891 ad
289 1820 435 1895 salutem
449 1828 484 1890 et
497 1820 548 1892 illi
559 1841 624 1913 pro
639 1817 738 1890 uoltis

104 1921 323 1996 intercedere
354 1920 537 2013 dignentur
563 1923 598 1990 in
616 1918 738 2007 coelis,

106 2045 251 2120 quorum
265 2025 464 2093 memoriam
477 2024 610 2113 agimus
626 2023 661 2091 in
670 2029 739 2090 ter-

104 2128 163 2199 ris.
194 2123 262 2196 Per
276 2122 422 2193 eundem
437 2121 608 2195 Christum
621 2120 737 2194 Domi-

105 2248 186 2298 num
200 2234 363 2297 nostrum.
392 2222 514 2295 Amen.

155 2328 277 2401 Postea
297 2328 462 2401 oamtlalaa
478 2327 600 2400 liltore
618 2337 651 2399 et
665 2351 738 2400 cer-

104 2455 161 2503 asta
178 2432 226 2503 ad
238 2433 394 2529 papatum
412 2433 591 2504 acteonem
617 2438 650 2503 ei
667 2434 738 2502 toa-

103 2558 184 2630 9eaa
201 2558 318 2609 atoma
334 2557 412 2608 coca
424 2536 594 2631 paululum
607 2536 739 2607 elevato

105 2731 109 2740 ’
158 2737 264 2808 Orate
280 2735 419 2824 fratres,
433 2744 597 2806 ulmeam
616 2758 656 2804 ao
677 2757 738 2804 vo-

105 2847 213 2912 strum
227 2835 430 2911 sacrificium
449 2836 661 2932 acceptabile
681 2836 738 2907 liat

106 2939 196 3035 apud
242 2938 352 3009 Deum
399 2938 536 3009 Patrem
586 2941 737 3034 omnipo·
875 2936 880 2945 “

105 3049 243 3113 tentem.
366 3068 368 3073 ’
479 3042 483 3048 ’
587 3106 592 3111 .

156 3141 307 3215 Minister
331 3166 389 3215 aaut
415 3148 659 3217 circttntaloaiea
685 3171 738 3216 re·

104 3248 263 3421 εροὲἕὲπὶ
275 3273 287 3318 .·
325 3248 471 3341 alloquia
502 3251 638 3341 ipaeaaet
674 3248 738 3319 Sa

107 3373 163 3423 σε,
232 3376 239 3391 .

157 3447 331 3544 Suscipiat
349 3449 516 3522 Dominus
533 3447 738 3524 sacrificium

7 3616 9 3622 .
108 3553 151 3625 de
165 3550 320 3624 manibus
334 3554 401 3625 tuis
416 3548 533 3649 (meis)
547 3551 591 3623 ad
605 3551 742 3623 laudem

22 3667 25 3672 ’
108 3666 143 3728 et
156 3656 304 3751 gloriam
317 3655 464 3726 nominis
477 3648 543 3744 sui,
558 3653 600 3724 ad
615 3655 740 3725 utilita-

106 3768 175 3830 tem
207 3778 344 3855 quoque
380 3764 533 3828 nostram
565 3759 738 3851 totiusque

6 3876 9 3880 ·
108 3862 279 3935 acclesiae
298 3882 382 3934 suaa
396 3868 545 3933 sanctae.
572 3859 737 3931 sacerdon
840 3857 1006 3935 Dominus
1023 3860 1212 3937 vobiscum.

107 3962 466 4036 mamasaaooettett:
487 3960 609 4032 Amen.
838 3966 882 4054 lle.
905 3963 1258 4063 Etcumspiritutuo.

158 4063 287 4137 Dante
306 4066 457 4140 monibus
477 4067 622 4138 εωίεηείε
640 4065 736 4138 abac·
837 4064 929 4139 Dicit
937 4068 1034 4140 clara
1046 4093 1125 4142 coca
1136 4072 1299 4142 anamael
1308 4072 1362 4166 pla

107 4164 604 4262 taeaanremusatttanptt
628 4167 735 4240 Ora·
789 4164 1026 4243 Orationes
1069 4193 1200 4267 super
1244 4172 1354 4245 Obla

107 4268 248 4340 tiones
268 4265 478 4345 Socratas
505 4273 559 4346 cel
580 4267 735 4345 Secre—
788 4270 932 4343 Secreta
956 4274 1120 4346 mmsis
1141 4276 1266 4346 aniles
1290 4301 1322 4352 o.
1339 4302 1362 4351 o.

107 4377 192 4439 tam
215 4371 247 4439 ai
270 4393 339 4440 aaa
363 4376 503 4447 dicenda
526 4384 591 4467 eat,
611 4398 680 4446 nc.
703 4377 736 4442 in
788 4372 1005 4446 Ascansione
1025 4376 1183 4448 Domini:
1206 4375 1362 4451 Sacrifici

107 4467 485 4548 AscansioneDominiz
508 4473 738 4571 SuscipeDo-
790 4473 936 4547 Domine
962 4500 1025 4573 pro
1060 4478 1139 4550 Filii
1164 4483 1213 4553 tui
1245 4484 1362 4579 suppli
