3060 4934
801 269 876 339 224
1003 210 1009 219 ·

62 464 73 482 ⁸
184 461 219 528 in
246 455 423 543 vultibus,
440 456 485 525 ita
512 440 634 525 dextra
656 475 776 526 munus
802 457 876 528 eius
903 450 1037 529 vittatis
1065 451 1264 527 tribuateis
1289 456 1496 530 incrementa

184 569 219 631 et
241 558 284 630 ab
306 558 397 629 omni
424 557 590 626 caecitate
611 555 780 649 spirituali
799 565 834 627 et
856 556 1001 627 humana
1024 554 1147 628 oeulos
1170 562 1292 629 eorum
1314 560 1495 654 uperiutet

110 734 116 743 ,
183 662 299 733 lumen
321 661 385 747 eis
398 667 561 729 aeternae
587 660 720 749 gratiae
745 657 924 730 concedat.
971 655 1038 742 Qui
1064 659 1151 728 vivit
1177 669 1213 730 et
1237 670 1364 752 regnat
1394 658 1492 759 ete¹).

150 815 157 828 ·
286 790 358 851 Post
379 784 453 849 liaeo
471 787 594 848 sedente
607 784 752 849 Pontifice
772 787 875 849 schola
898 787 1016 850 iuehoat
1037 798 1068 850 et
1088 791 1298 869 prosequitur·
1303 790 1491 872 tuaquom

148 897 153 906 '
183 885 663 959 etPsatmum15.0ctsvotono:
686 878 740 950 Tu
759 902 797 952 es
819 880 979 991 Domine,
1003 883 1061 975 qui
1081 884 1232 955 restituis
1243 882 1492 989 'haereditaten

182 1007 302 1058 meam
358 980 537 1055 Conserva
561 1004 616 1051 me
637 980 785 1051 Domine
808 1001 865 1054 ete.
887 1000 980 1072 usqae
1001 1005 1068 1053 neo
1092 1004 1224 1055 memor
1247 1005 1310 1055 ero
1329 976 1492 1058 nominum

49 1088 55 1101 ’
184 1108 303 1159 eorum
330 1107 402 1180 per·
420 1083 510 1155 lubia
537 1104 622 1154 meu.
683 1091 840 1173 Repetitur
855 1102 919 1154 tota
945 1092 1130 1174 Antiphone.
1158 1084 1211 1156 'lu
1235 1108 1275 1159 es
1297 1083 1509 1185 Domine¹)'

283 1216 408 1294 incepto
424 1212 535 1293 psairno
550 1212 583 1275 Ρ.
598 1230 663 1273 eum
680 1212 832 1276 forficibus
851 1213 952 1274 inuidit
971 1217 1128 1296 unicuique
1150 1202 1356 1278 extremitates
1379 1218 1485 1303 capillo·

183 1317 248 1379 rium
262 1320 292 1377 in
306 1325 432 1396 quatuor
445 1314 537 1392 loeis,
559 1309 700 1377 videlieel
723 1318 753 1376 in
775 1317 885 1392 fronte,
907 1317 937 1376 in
956 1319 1095 1398 occipitio
1115 1326 1146 1377 et
1166 1318 1201 1378 ad
1222 1327 1377 1406 utramque
1389 1338 1484 1398 ιιιιιι,

184 1419 292 1487 deinde
310 1421 338 1479 in
353 1417 448 1478 medio
463 1418 567 1497 capitis
581 1417 694 1495 aliquot
707 1419 812 1479 crines
833 1416 1004 1498 capiliorum
1027 1428 1057 1480 et
1078 1421 1107 1479 in
1127 1417 1223 1480 bacile
1242 1418 1369 1500 deponit
1390 1431 1420 1484 et
1435 1422 1485 1503 qai·

53 1538 58 1545 ·
166 1521 259 1581 ,ιιιιι
280 1539 345 1581 eum
366 1519 505 1581 tondetur
524 1518 610 1579 dicit:
635 1508 802 1581 Dominus
824 1531 909 1605 pars
935 1510 1154 1584 haereditatis
1188 1533 1287 1583 meae
1317 1522 1353 1584 at
1383 1514 1485 1588 culicis

183 1616 271 1684 mei:
295 1623 330 1683 tu
354 1633 392 1685 es
416 1615 473 1706 qui
498 1613 659 1684 restitues
681 1610 926 1700 haereditatem
945 1635 1055 1684 meam
1077 1612 1166 1684 mihi.

288 1724 429 1789 Omnibus
451 1725 545 1785 tonsis
566 1723 662 1802 surgit
683 1724 716 1786 P.
731 1733 761 1784 et
780 1732 862 1784 stans
880 1740 985 1784 versus
999 1725 1035 1785 ad
1049 1725 1134 1785 illos:
1162 1710 1318 1786 Oramus.
1359 1716 1484 1789 Praesit

184 1839 390 1913 quaesumus
408 1818 623 1911 omnipotens
641 1814 750 1905 Deus,
771 1826 808 1887 ut
827 1815 862 1886 hi
879 1814 997 1887 famuli
1017 1819 1078 1906 tui,
1096 1837 1242 1911 quorum
1260 1814 1366 1889 hodie
1385 1840 1486 1892 comos

184 1923 332 2015 capitum
357 1940 420 2013 pro
445 1939 563 1988 amore
590 1916 706 1990 divino
734 1917 986 2011 deposuimus
977 1940 1012 1988 ιιι
1037 1928 1094 1990 tua
1122 1917 1307 1989 dilectione
1331 1919 1485 2021 perpetuo

184 2032 342 2092 maneant
365 2030 399 2092 et
425 2042 487 2092 eos
511 2020 585 2090 sine
610 2019 778 2091 macula
769 2040 804 2088 m
823 2023 1067 2114 sempiternum
1088 2020 1271 2094 custodias.
1325 2012 1447 2119 Per³)

115 2198 124 2212 .
289 2130 370 2190 l'uoc
390 2129 498 2190 Schola
517 2128 638 2190 inciroat
660 2130 873 2210 Antiphonem:
908 2121 951 2191 Hi
982 2123 1150 2217 accipient
1176 2121 1453 2195 benedictionem
1472 2144 1487 2191 t

185 2224 332 2294 Domino
364 2231 397 2291 et
422 2220 691 2292 misericordiam
717 2245 737 2292 a
760 2221 836 2293 Deo
865 2223 1006 2295 salutari
1032 2245 1115 2297 suo:
1144 2226 1222 2318 quia
1243 2223 1329 2301 haec
1355 2235 1410 2297 est
1437 2247 1487 2318 ge

184 2327 317 2396 neratio
347 2314 590 2417 quaerentium
608 2345 694 2394 eum
749 2334 889 2414 Sequitur
915 2334 1046 2395 Psaimus
1078 2328 1127 2401 23
1158 2325 1293 2397 Domini
1322 2336 1377 2399 est
1405 2337 1488 2399 terra

185 2446 243 2498 etc.
258 2445 289 2497 et
304 2422 681 2519 repetiturtnttptora4).
717 2435 780 2511 Qua
800 2436 880 2497 linita
900 2438 1058 2515 surgitP.‚
1078 2440 1128 2520 qui
1147 2440 1355 2499 intersertam
1368 2438 1487 2541 sedent,

175 2548 216 2624 ,et
225 2523 265 2600 ad
280 2539 371 2599 altare
386 2556 548 2600 conversus
567 2537 637 2601 dicit
655 2526 800 2601 Oremus
820 2548 850 2599 et
867 2540 991 2600 ministri
1011 2540 1130 2601 dicunt:
1156 2529 1353 2605 Fleotamus
1375 2526 1485 2626 gentis.

184 2621 325 2717 terque.

288 2743 325 2802 Et
345 2758 414 2801 mox
435 2739 469 2799 ad
491 2747 594 2800 tonsos
614 2739 792 2815 genuflexos
805 2740 955 2801 versusP.
970 2739 1055 2803 dicit:
1083 2731 1224 2805 Adesto
1247 2732 1398 2806 Domine
1418 2754 1486 2829 silp-

183 2830 433 2952 plicationibus
449 2831 576 2902 nostris
603 2840 636 2900 et
669 2829 732 2901 hos
757 2830 905 2904 famulos
929 2844 1008 2906 tuos
1038 2833 1127 2905 bene
1144 2834 1177 2927 ι
1195 2835 1313 2937 dicere
1323 2834 1486 2929 dignare,

167 2935 337 3031 quibus
328 2954 363 3003 ιι
389 2942 448 3002 tuo
470 2940 589 3003 sancte
612 2934 763 3003 nomino·
756 2932 918 3004 lubitum
936 2957 1057 3007 sacrae
1074 2918 1262 3028 religionis
1276 2922 1486 3033 imponimus·
1498 2948 1523 3025 J

184 3047 222 3109 ιι
242 3047 277 3109 te
304 3035 473 3126 largiente
500 3042 534 3103 et
561 3031 717 3105 devoti
705 3055 740 3105 ιι
766 3034 915 3108 ecclesia
942 3047 999 3108 tua
1026 3039 1215 3132 persistere
1236 3049 1272 3111 et
1291 3041 1401 3111 vitum
1422 3058 1487 3135 per·

186 3143 303 3234 cipere
328 3145 524 3209 mereantur
546 3146 729 3207 aeternam.
782 3134 904 3234 Per⁶).

288 3248 361 3310 'lum
376 3246 408 3309 P
422 3245 507 3308 sedet
523 3256 552 3308 et
565 3248 714 3328 accipiens
728 3249 756 3309 in
772 3264 897 3310 manum
906 3249 1154 3330 superpelliceum
1175 3248 1245 3312 tien
1265 3248 1413 3328 singulis:
1443 3238 1487 3310 ln·

185 3343 266 3415 duat
288 3352 323 3414 te
351 3341 517 3414 Dominus
547 3362 677 3414 novum
707 3341 896 3431 hominem,
923 3345 981 3438 qui
997 3336 1195 3414 seeundum
1220 3342 1335 3415 Deam
1362 3350 1488 3414 creans

185 3449 268 3521 est
259 3467 294 3517 m
314 3446 439 3518 iustitia
468 3453 502 3515 et
524 3446 701 3518 sanctitate
724 3438 879 3517 rerrtatrs
887 3443 931 3540 ⁶)

174 3572 180 3583 ·
287 3555 325 3618 lit
344 3573 414 3616 mox
433 3557 557 3661 imponit
574 3555 979 3649 illudeuiiibetpepetendo.
1000 3542 1121 3617 Indu'ul
1142 3563 1197 3615 ete
1222 3555 1384 3618 immittens
1406 3552 1489 3634 usq'ut

184 3660 220 3720 ari
234 3658 381 3740 scapulas
401 3665 431 3716 et
445 3642 610 3717 immediate
624 3657 755 3735 trahens
775 3659 800 3717 si
822 3676 919 3718 unum
927 3659 965 3717 ιιι
979 3665 1090 3717 tantum
1108 3655 1375 3737 superpelliceum
1395 3659 1490 3738 sisque

183 3760 290 3825 iacit
272 3780 365 3842 usque
378 3759 414 3820 ad
428 3759 570 3832 ultimum,
585 3759 633 3838 qui
649 3777 687 3820 eo
701 3760 832 3821 totaliter
845 3759 991 3828 intuitum
1012 3761 1037 3818 si
1058 3777 1133 3820 vero
1152 3759 1276 3838 quisque
1295 3778 1381 3821 suum
1385 3774 1490 3839 ‚snper

170 3864 341 3944 ‘pelliceam
355 3861 473 3939 habeat,
489 3861 596 3938 singuli
611 3858 741 3922 totaliter
754 3862 921 3923 induuntur.
950 3861 1017 3938 Quo
1031 3859 1185 3942 expedito,
1199 3863 1338 3938 surgitP.
1348 3871 1379 3924 et
1392 3875 1490 3921 versus

184 3966 220 4026 at
234 3967 301 4030 ilios
311 3967 401 4053 picit:
422 3952 576 4082 Oremus.
614 3945 848 4051 Omnipotens,
865 3957 1072 4051 sempiterne
1084 3954 1198 4084 Deus,
1210 3956 1402 4055 propitiare
1418 3972 1491 4051 pec

315 4090 325 4105 Ι

185 4114 390 4130 -ᾑ-

248 4212 277 4285 l
291 4210 418 4267 Occurrat
431 4211 575 4269 collecta
568 4230 595 4270 ιιι
611 4212 679 4269 cod.
690 4214 719 4269 S.
731 4200 814 4284 lliigri
826 4231 858 4270 ac
872 4217 1075 4287 Rotomagensi.
1142 4212 1173 4289 Ρ)
1188 4213 1298 4286 laomim·
1309 4211 1408 4269 0θᾶοΜ
1418 4206 1490 4270 ΑΙΡ·

183 4293 302 4364 plrona
292 4312 321 4353 ιι
340 4296 487 4356 Codices.
502 4295 593 4368 litigii.
680 4294 712 4374 3)
733 4298 820 4353 flabat
837 4299 988 4385 orationem
1004 4302 1070 4356 cod.
1082 4302 1111 4356 S.
1125 4299 1217 4370 Eligii.
1301 4299 1333 4375 4)
1353 4278 1490 4371 liepdi'iili

183 4377 360 4449 Antiphone
352 4396 379 4434 ιιι
392 4389 508 4454 utroque
523 4382 635 4440 codiee.
689 4382 722 4458 s)
732 4381 845 4438 Exstat
837 4397 866 4437 ιι
857 4373 945 4443 Cod.
960 4384 988 4441 S.
1000 4384 1082 4456 Eligii
1097 4390 1125 4440 et
1136 4382 1343 4454 Rotomageasi.
1394 4382 1428 4458 6)
1438 4378 1489 4437 lot

178 4459 310 4600 ιιιιιιοιιιιι
324 4463 492 4604 soildemuiter
503 4483 578 4526 novo
590 4467 693 4526 clerico
706 4465 931 4540 superpelliceum
942 4469 1053 4526 saeculo
1065 4467 1227 4526 duodecimo
1237 4467 1283 4524 vel
1294 4466 1406 4525 decimo
1416 4461 1490 4523 tatio

178 4556 244 4599 rnre
255 4563 327 4604 ursae
343 4566 370 4605 ιι
389 4557 458 4607 etur
