3060 4934
730 168 803 298 lab

107 416 314 495 sapientitaet
326 406 485 502 immebsae
495 419 626 481 caritatis
640 412 926 500 mysterio,'ldipsum
941 417 1025 503 quod
1033 419 1126 481 semel
1138 420 1166 481 in
1179 437 1268 493 cruca
1281 419 1420 500 perfecit,

81 562 88 577 .
110 536 174 578 non
194 525 292 579 cessat
312 517 485 578 mirabiliter
504 522 640 599 operari,
666 523 730 601 ipse
753 522 892 598 aderens,
914 523 979 600 ipse
1000 529 1030 579 et
1043 519 1177 582 oblatio.'
1204 520 1242 583 Et
1260 540 1318 584 nos
1335 540 1429 583 unam·

109 626 211 679 secani
226 619 349 682 hostiam
371 620 505 697 allectos,
526 622 560 682 ad
576 640 689 683 sacrum
706 625 809 711 invitat
823 624 1002 697 convivium,
1024 623 1052 681 in
1067 641 1125 700 qno
1139 616 1204 702 ipse
1223 622 1305 683 cibus
1320 614 1423 684 noster

108 722 244 797 sumitur,
259 721 401 783 recolitur
415 724 555 783 memoria
569 725 718 786 Passionis
733 728 808 804 eius,
826 743 909 785 mens
924 716 1065 805 impletur
1073 724 1167 801 gratia
1183 733 1213 787 et
1230 723 1345 786 futurae
1358 725 1422 802 glo·
1502 766 1506 773 -

107 822 170 883 riae
188 822 316 885 nobis
288 843 396 911 pugnus¹
410 804 503 885 datur.
539 824 575 886 Et
589 826 678 888 ideo.-

401 1080 410 1095 .
487 992 525 1054 ln
548 985 812 1056 Dedicatlone
833 994 1075 1075 Ecclesiae„

215 1102 292 1189 dere
306 1126 468 1208 dignumst
483 1131 589 1190 iustum
604 1139 659 1207 est,
669 1148 792 1210 aequum
808 1139 838 1189 et
851 1130 990 1207 salutare,
1003 1147 1058 1189 nos
1069 1127 1121 1188 tibi
1136 1147 1256 1211 semper
1271 1137 1302 1192 et
1315 1126 1423 1209 ubiujue

109 1230 223 1309 gratias
236 1249 339 1310 agere,
355 1231 481 1293 Domine
494 1241 606 1311 sancte,
627 1231 714 1292 Pater
727 1230 931 1313 omnipoten's,
953 1240 1075 1293 aeterne
1088 1229 1187 1308 Deus,
1203 1232 1252 1327 qui
1266 1231 1341 1291 hanc
1359 1222 1433 1291 ora?
1470 1291 1475 1300 ,

112 1332 204 1399 tionis
232 1333 365 1409 domum,
392 1350 476 1413 qumm
496 1334 733 1411 aedificavimus,
756 1334 900 1395 bonorum
922 1334 1050 1395 omnium
1070 1332 1196 1410 largitor
1219 1331 1364 1394 inhabitas
1394 1340 1424 1393 et

111 1426 287 1512 ecclesiasti,
309 1454 393 1515 quam
414 1437 478 1515 ipsc
499 1435 645 1516 fundasti,
666 1435 1031 1516 incessabili-operatione
1061 1435 1236 1496 sanctlllcas.
1280 1434 1360 1495 llaec
1379 1440 1425 1492 est

110 1537 192 1595 enim
201 1555 278 1597 nere
293 1536 396 1597 domus
407 1538 548 1596 orationis
564 1535 729 1613 visibilibus
743 1537 884 1596 aediliciis
898 1536 1076 1609 adumbrata,
1085 1536 1223 1614 templum
1237 1536 1425 1596 habitationis

109 1637 230 1715 gloriae
253 1647 339 1713 tuae,
359 1637 449 1697 sedes
470 1637 714 1697 incommutabilis
741 1638 891 1712 veritatis,
911 1637 1107 1714 sanctuarium
1128 1646 1268 1696 aeternae
1288 1634 1426 1713 caritatis,

95 1734 194 1801 'llaec
208 1746 255 1798 est
269 1755 346 1813 arca,
361 1754 435 1815 quae
451 1754 505 1799 nos
519 1736 641 1797 emundi
656 1744 777 1816 ereptos
791 1735 902 1796 diluvio
917 1738 947 1797 in
960 1745 1076 1815 portum
1086 1734 1193 1815 salutis
1207 1736 1327 1797 inducit.
1348 1735 1429 1795 llaec

109 1849 157 1903 est
173 1837 283 1899 dilecta
296 1846 326 1898 et
339 1839 425 1899 unica
439 1856 562 1917 sponsa,
582 1856 665 1917 quam
687 1839 843 1917 acquisivit
859 1835 992 1899 Christus
1006 1838 1152 1914 sanguine
1167 1854 1232 1913 suo,
1253 1855 1337 1915 quam
1357 1837 1429 1896 riri·

109 1942 180 2003 boat
193 1937 306 2019 Spiritu
325 1920 391 2015 buo,
407 1940 488 2000 culus
502 1940 531 1999 in
544 1940 627 2017 sinu,
650 1940 744 2001 renati
761 1957 814 2019 par
826 1942 953 2016 gratiam
968 1950 1060 2015 trram,
1082 1939 1157 1999 lacte
1172 1937 1258 2001 verbi
1271 1941 1428 2018 pascimur,

111 2060 188 2124 parre
201 2044 281 2102 ritae
295 2041 480 2116 roboramur,
494 2041 714 2103 misericordiae
729 2049 796 2103 tuae
808 2041 946 2105 subsidiis
963 2043 1166 2105 confovemur.
1205 2040 1286 2103 llaec
1300 2040 1434 2103 fideliter

112 2146 144 2205 in
158 2145 264 2237 terris,
283 2160 396 2223 sponso
415 2143 589 2220 adiurante,
614 2142 735 2219 militat,
755 2151 786 2202 et
807 2145 979 2222 perenniter
999 2146 1029 2206 in
1038 2142 1184 2224 coelis,
1175 2161 1241 2223 ipso
1265 2151 1429 2209 coronante

112 2245 279 2327 triumphat
315 2243 352 2305 Et
366 2244 444 2308 rdeo

265 2414 317 2477 De
346 2414 376 2475 S.
400 2412 624 2492 clemente,
658 2417 777 2494 primo
804 2411 1034 2475 blatensium
1064 2393 1273 2496 Episcopo.

215 2548 294 2613 Vere
308 2551 427 2629 dignum
443 2561 473 2611 et
487 2530 796 2629 lustum⁸est,abquum
812 2557 841 2632 et
854 2548 993 2635 salutare,
1009 2528 1062 2606 nos
1079 2548 1130 2608 tibi
1146 2566 1263 2629 semper
1277 2557 1308 2606 ct
1321 2527 1444 2625 ubique

111 2655 225 2732 gratias
239 2672 348 2731 agere,
361 2653 487 2715 Domine
501 2663 619 2728 sancte,
633 2651 721 2712 Pater
736 2652 935 2729 omnipotens,
950 2656 1072 2708 aeterne
1087 2649 1240 2729 beus,qni
1256 2666 1311 2709 nos
1325 2648 1427 2707 securi·

85 2736 180 2818 ⁰dum
193 2756 420 2817 misericordiam
437 2752 513 2816 tua'm
528 2772 660 2833 magnam
685 2753 722 2813 dc
743 2751 875 2814 tenebris
895 2751 931 2811 ad
947 2751 1040 2810 lucem
1056 2770 1164 2811 vocare
1181 2751 1315 2829 dignatus
1331 2768 1380 2824 es,
1399 2758 1430 2808 et

110 2859 152 2920 da
166 2866 315 2938 potestate
329 2867 447 2918 satanae
462 2866 594 2937 ereptos,
619 2858 648 2917 in
663 2855 739 2916 ilios
753 2854 922 2934 adoptionis
937 2871 1096 2914 assumere.
1134 2853 1196 2914 Tua
1211 2856 1287 2913 enim
1303 2852 1428 2912 Domine

111 2960 335 3037 misericordia,
355 2968 403 3019 tua
419 2960 530 3036 gratia
546 2958 668 3020 verbum
685 2944 753 3017 luder
771 2959 799 3017 rrl
814 2956 905 3018 nobas
917 2956 995 3017 bertr
1012 2955 1172 3019 Clementis
1187 2939 1289 3017 labore
1305 2971 1428 3014 semma
1453 2990 1461 3012 t

112 3072 175 3123 turn
192 3071 238 3123 est
254 3071 283 3123 et
300 3064 410 3121 meritis
430 3061 645 3123 loacrmdatum.
682 3058 765 3119 Nunc
780 3077 867 3136 ergo,
880 3059 966 3118 Pater
980 3069 1092 3135 amicte,
1107 3058 1247 3120 confirma
1267 3056 1334 3131 hoo,
1350 3054 1428 3135 quod
1458 3116 1467 3130 ‚

111 3148 254 3245 operatus*
273 3183 305 3224 as
321 3166 349 3223 in
365 3162 468 3223 nobis:
479 3170 518 3221 et
534 3178 659 3237 gregem
675 3161 772 3234 istum,
794 3178 880 3238 quem
895 3159 971 3218 Filio
986 3168 1036 3219 tuo
1050 3160 1178 3235 donasti,
1203 3176 1347 3219 conserva
1363 3168 1429 3217 tune
1458 3194 1461 3199 -

67 3252 72 3262 ⁸
112 3268 230 3327 virtutis
243 3265 365 3341 auxillo,
381 3274 411 3325 ut
425 3258 657 3325 sanctificatnm'
648 3246 677 3320 sn
694 3261 828 3337 veritate,
850 3262 1038 3341 perlectum
1031 3279 1059 3321 rn
1080 3262 1205 3336 unitate,
1227 3276 1428 3321 consummare

114 3368 270 3446 digneris'
262 3388 291 3428 rn
306 3368 419 3444 gloria:
443 3365 501 3426 Per
515 3364 639 3426 eundem
655 3362 801 3423 Christum
811 3364 966 3424 Dominum
981 3372 1125 3439 nostrum,
1135 3382 1188 3443 per
1201 3382 1286 3441 quem
1297 3365 1429 3423 maiesta-

112 3479 173 3531 tem
190 3480 267 3531 tuam
282 3478 442 3530 trementes
460 3466 582 3529 adorant
597 3463 705 3542 Angeli
725 3472 755 3522 et
771 3482 873 3526 omnes
888 3467 1049 3546 spirituum
1062 3464 1236 3526 coelestium
1250 3466 1333 3526 chori
1348 3464 1428 3524 socia

110 3572 297 3635 exultatione
311 3569 530 3633 concelebrant.
555 3566 625 3630 (lum
640 3565 755 3648 quibus.

650 3739 701 3799 De
727 3736 895 3796 Sanctis.

217 3877 297 3939 Vere
309 3878 428 3956 dignum
444 3885 473 3935 et
488 3878 595 3935 iustum
611 3882 667 3948 est,
678 3890 802 3952 aequum
815 3881 845 3932 et
858 3872 996 3947 salutare,
1009 3889 1064 3932 nos
1080 3870 1132 3932 tibi
1147 3886 1264 3947 semper
1278 3876 1309 3926 et
1322 3864 1430 3943 ubique
1523 3896 1527 3901 ·

112 3982 225 4057 gratias
240 3998 342 4057 agere,
358 3979 484 4039 Domine
501 3984 614 4052 sancte,
629 3974 717 4034 Pater
732 3976 929 4054 omnipotens,
945 3982 1066 4033 aeterne
1080 3973 1171 4044 Dens,
1190 3971 1239 4047 qut
1254 3968 1430 4046 glorlllcarls

112 4083 142 4142 in
156 4080 287 4145 concilio
302 4082 473 4143 Sanctorum
489 4088 518 4139 et
539 4095 640 4138 eorum
656 4075 825 4138 coronando
840 4077 953 4149 merita,
968 4092 1094 4137 coronas
1109 4071 1185 4131 dona
1199 4077 1258 4147 tua,
1277 4072 1327 4152 qui
1344 4070 1430 4130 nobis

114 4185 145 4245 in
160 4203 265 4267 eprum
289 4185 417 4264 praebes
441 4191 470 4243 et
491 4182 720 4243 conversatione
739 4176 905 4256 exemplum
927 4186 956 4237 et
978 4174 1183 4239 communione
1201 4174 1381 4234 consortium
1402 4180 1431 4232 et

104 4287 333 4348 intercessione
359 4285 534 4346 subsidium:
569 4291 601 4342 ut
624 4291 732 4342 tantam
757 4281 901 4341 habentes
923 4278 1086 4358 impositam
1109 4273 1216 4336 nubem
1236 4277 1352 4339 testium
1377 4291 1431 4353 per

106 4390 286 4468 patientiam
314 4405 464 4450 curramus
481 4386 516 4448 ad
537 4385 720 4466 propositum
745 4384 832 4447 nobis
853 4388 1001 4442 certamen
1025 4386 1055 4440 et
1082 4396 1146 4438 cnm
1169 4379 1213 4440 eis
1234 4370 1430 4460 percipiamus
1476 4364 1479 4369 ’

114 4486 503 4577 inmarcessibilem'gloriae
518 4505 669 4564 coronam,
687 4503 741 4566 per
752 4484 849 4546 lesum
860 4483 1006 4546 Christum
1020 4480 1174 4544 bominunl
1190 4475 1431 4559 nostrum‘cntns
