3046 4942
704 274 779 343 sot

86 463 257 524 aimonium
270 479 331 523 uon
345 461 550 542 contrahatur,
566 463 804 529 denuntiationes
820 476 1003 547 repetantur,
1018 469 1074 529 nisi
1094 467 1179 530 aliter
1193 468 1344 550 Episcopo
1362 470 1405 530 vi·

86 565 204 627 deutur.
219 600 256 609 -
278 563 525 627 Desuntiatiouee
542 574 641 627 eutem
655 568 725 629 bant
738 569 797 629 boc
810 568 908 630 modo.
926 568 1007 630 luter
1020 567 1173 630 illusarum
1187 571 1343 632 sollemnia
1356 590 1405 652 pa·

86 668 198 729 rochus
213 666 354 747 populum
369 667 526 730 admoneat
539 670 568 730 in
584 670 660 731 hano
672 672 848 733 sententiam
863 671 979 748 uulgari
993 687 1148 731 sermone:

189 759 319 831 Notum
340 761 383 833 sit
403 761 560 832 omuibus
579 761 634 833 bic
653 764 904 858 praesentibus,
923 762 1015 857 quod
1027 761 1068 834 N.
1088 764 1143 834 vir
1160 773 1195 834 et
1213 761 1253 833 N.
1272 762 1409 853 mulier,

139 885 188 935 ex
221 862 281 932 tali
315 862 375 931 vel
410 863 471 933 tali
497 863 624 934 familia
654 873 691 935 ιι
717 864 899 960 parochia,
939 863 1017 935 Deo
1053 864 1262 953 adiuvante,
1300 867 1409 935 inteu-

138 965 282 1037 tendum
308 966 397 1034 iuter
418 986 457 1036 se
479 964 686 1063 contrahere
708 969 967 1038 matrimonium.
1016 966 1166 1038 Proinde
1186 967 1409 1039 admonemus

142 1089 263 1139 omnes
293 1074 329 1136 et
355 1066 531 1159 singulm,
560 1079 596 1139 ut
623 1071 652 1143 si
684 1071 760 1163 quis
781 1072 919 1141 noverit
941 1069 1081 1163 aliquod
1102 1068 1410 1161 consanguinitatis

142 1170 201 1242 vel
222 1166 413 1258 affinitatis,
443 1180 501 1241 aut
522 1173 739 1262 cognationis
759 1171 962 1265 spiritualis,
985 1171 1044 1243 uel
1066 1171 1213 1265 quodnis
1235 1169 1329 1241 uliud
1349 1171 1410 1241 im·

141 1270 372 1367 pedimentum
391 1274 480 1342 iuter
501 1292 563 1344 eos
581 1294 674 1362 esse,
696 1272 789 1368 quod
805 1275 1056 1344 matrimonium
1075 1271 1344 1344 contrahendum
1360 1272 1410 1341 in·

142 1377 256 1444 vicem
284 1372 456 1468 impediat,
477 1371 561 1442 illud
583 1377 849 1470 quamprimum
869 1374 968 1447 uobis
992 1374 1191 1445 denuntiare
1212 1374 1353 1461 debeet3
1376 1379 1412 1442 et

142 1474 209 1545 hoe
229 1473 450 1545 admonemus
468 1477 591 1568 primo,
613 1485 639 1544 si
653 1484 745 1544 luerit
757 1486 862 1564 prima,
877 1484 926 1546 vel
942 1473 1110 1564 secundo,
1124 1486 1149 1546 sl
1163 1484 1253 1547 luerit
1270 1482 1411 1558 secunde,

143 1585 193 1646 vel
207 1578 323 1663 lertio,
338 1585 364 1643 si
379 1584 469 1644 luerit
485 1586 572 1644 tertia
586 1586 778 1645 denuntiatio.
861 1591 868 1603 “

195 1684 316 1746 hloueat
328 1684 475 1764 parochus
490 1686 633 1763 coniuges
648 1693 680 1745 ut
693 1695 761 1745 ante
776 1684 1014 1745 benedictionem
1028 1681 1245 1745 sacerdotalem
1260 1682 1412 1763 intemplo

90 1785 308 1866 suscipiendam
322 1787 352 1845 in
367 1784 469 1845 eadem
484 1783 572 1847 domo
587 1804 646 1847 non
659 1785 841 1863 cohabitent,
855 1802 951 1865 neque
965 1787 1178 1847 matrimonium
1191 1792 1414 1859 consumment,

95 1908 149 1950 nee
159 1890 248 1947 etiam
256 1887 340 1948 simul
349 1895 495 1963 maneant,
503 1888 622 1948 nonnisi
629 1887 970 1969 aliquibuspropinquis,
980 1888 1027 1949 rel
1037 1885 1415 1966 aliispraescntibus,quae

95 1988 267 2051 benedictio
287 2007 304 2049 a
317 1987 400 2049 nullo
415 1987 497 2065 alio,
523 2007 607 2068 quam
621 1989 657 2050 ab
672 1991 737 2070 ipso
752 1989 895 2070 parocho,
909 2007 962 2048 eeu
976 1989 1013 2049 eb
1026 1989 1086 2051 alio
1099 1988 1257 2051 secerdote
1271 1987 1308 2048 de
1322 1989 1414 2067 ipsius

96 2090 218 2173 parochi
232 2088 439 2151 ve10rdinarii
454 2089 585 2169 licentia,
602 2091 665 2151 llerl
678 2088 777 2152 debet.
792 2122 830 2132 -
844 2088 954 2152 otueat
972 2092 1059 2151 etiam
1073 2089 1231 2172 parochus,
1245 2107 1283 2150 ne
1298 2087 1414 2169 quando

96 2194 242 2270 coniuges
262 2193 291 2252 in
312 2191 416 2272 primis
438 2192 548 2271 nuptiis
562 2191 800 2255 benedictionem
814 2192 1003 2274 acceperint,
1026 2211 1080 2254 eos
1095 2194 1124 2255 in
1138 2190 1277 2253 secundis
1292 2189 1414 2253 benedl·

96 2304 154 2373 cat,
170 2296 237 2355 sive
251 2293 367 2370 mulier,
381 2294 446 2353 sive
460 2294 548 2353 etlam
561 2295 607 2354 uir
621 2295 657 2356 ad
671 2295 815 2356 secundas
831 2297 947 2375 nuptias
963 2303 1103 2356 transeat.
1137 2294 1197 2356 Sed
1212 2293 1262 2354 ubi
1282 2311 1315 2353 ea
1330 2294 1415 2370 riget

96 2395 301 2473 cousuetudo,
315 2404 346 2479 ut
360 2397 386 2455 ei
400 2395 505 2456 mulier
519 2397 627 2456 nemini
641 2414 767 2477 unquam
781 2398 926 2476 nupserit,
942 2397 1055 2457 etiamsi
1069 2398 1115 2456 vir
1127 2396 1212 2457 aliam
1229 2412 1350 2455 uxorem
1365 2393 1414 2453 ha·

98 2500 215 2576 buerit,
236 2499 357 2578 nuptiae
371 2496 601 2576 benedicantur,
618 2516 653 2559 ea
666 2497 810 2559 servanda
830 2506 885 2559 est.
927 2495 988 2557 Sed
1004 2497 1111 2557 viduae
1125 2498 1239 2576 nuptias
1252 2512 1312 2556 nou
1326 2494 1416 2554 bene·

99 2600 179 2662 dicat
200 2600 314 2661 etiamsi
335 2601 398 2660 eius
422 2600 468 2660 uir
492 2617 638 2681 nunquam
660 2618 784 2661 uxorem
799 2599 927 2661 duxerit.
949 2628 987 2638 —
1005 2596 1221 2659 llatrimoninm
1236 2596 1265 2657 in
1282 2593 1417 2656 Ecclesia

100 2704 227 2764 maxime
243 2701 388 2763 celebrari
402 2699 505 2770 decet:
520 2700 573 2762 sed
586 2704 611 2762 si
627 2702 704 2763 domi
719 2701 898 2764 celebratum
912 2701 1001 2760 luerit
1015 2694 1173 2781 pr‘aeseute
1187 2684 1318 2779 parocho
1336 2705 1417 2756 ette-

100 2805 208 2882 stihus,
223 2805 325 2884 sponsi
339 2804 459 2863 ueniant
474 2802 680 2864 adEeelesiam
695 2803 932 2866 benedictionem
947 2804 1110 2882 accepturi,
1128 2810 1158 2862 et
1173 2811 1241 2862 tunc
1256 2805 1359 2861 caveat
1373 2815 1417 2860 sa·

101 2905 229 2981 cerdos,
249 2922 288 2965 ne
307 2907 413 2964 iterum
433 2922 450 2964 a
469 2905 713 2967 contrahentibus
736 2923 915 2967 eonsensum
928 2907 1030 2981 exigat
1043 2903 1097 2966 sed
1111 2912 1221 2964 tantum
1235 2901 1417 2962 benedictio·

100 3024 173 3067 nem
186 3006 246 3066 illis
259 3007 403 3081 conlerat,
418 3005 567 3067 celebrate
582 3004 681 3085 lllssa,
696 3016 728 3067 nt
740 3007 817 3067 inira
831 3007 954 3069 dicetur.
972 3036 1010 3046 -
1028 3005 1250 3066 Admoneantur
1263 3011 1417 3083 praeterea

101 3109 273 3186 coniuges,
298 3116 329 3167 ut
350 3116 504 3186 autequam
524 3108 717 3185 contrahunt,
738 3125 792 3168 sua
810 3116 933 3187 peccata
952 3106 1114 3184 diligenter
1127 3106 1324 3169 couhteantur
1338 3103 1418 3165 etad

101 3211 316 3271 nactismmam
331 3208 541 3269 Eucharistlam
559 3217 647 3287 atque
667 3210 704 3271 ad
717 3208 894 3270 Matrimonii
907 3216 1119 3269 sacramentum
1134 3200 1351 3286 suscipiendum
1370 3206 1420 3284 pie

102 3290 289 3372 accedant'et
304 3309 451 3391 quomodo
466 3312 496 3369 in
511 3327 547 3371 eo
562 3319 645 3372 reete
659 3320 690 3371 et
702 3310 860 3371 christiane
873 3294 1044 3372 conuersari
1060 3309 1197 3385 debeant,
1205 3306 1364 3385 diligenter
1377 3306 1420 3366 ln·
1513 3358 1518 3369 ,

104 3422 256 3474 struantur
274 3430 312 3472 ex
333 3413 431 3472 diuina
451 3414 614 3492 scriptura,
641 3412 779 3492 exemplo
793 3411 906 3472 Tobiae
920 3421 951 3472 et
963 3412 1055 3471 Sarae
1070 3412 1231 3490 uerbisque
1242 3409 1351 3486 hugeli
1366 3407 1420 3467 ιιι-

107 3515 224 3595 phahlis
238 3532 292 3574 eos
305 3512 476 3590 edocentis,
499 3532 583 3592 quun
598 3522 701 3574 sancte
714 3514 859 3590 coniuges
874 3512 1002 3574 debeant
1017 3514 1189 3574 convivere.
1206 3541 1248 3555 «-
1266 3511 1420 3570 Postremo

107 3617 296 3677 meminerint
309 3616 443 3695 parochi,
456 3634 472 3675 a
485 3615 639 3675 Dominica
652 3614 758 3676 lhdv.
773 3632 867 3694 usque
881 3614 916 3676 ad
930 3614 1006 3676 diem
1020 3614 1214 3695 Epiphaniae,
1229 3621 1259 3672 et
1272 3606 1421 3670 aseris.

107 3721 240 3778 cinerum
259 3734 353 3796 usque
366 3717 403 3777 ad
416 3716 556 3777 Octavam
564 3717 695 3778 Paschae
708 3717 864 3792 inclusive,
877 3716 1092 3778 sollemnitates
1105 3716 1269 3796 nuptiarum
1287 3708 1421 3789 prohibi·

107 3829 152 3880 tas
171 3837 259 3888 esse;
273 3828 304 3879 ιιι
317 3821 435 3898 nuptias
448 3818 643 3895 benedicere,
656 3837 794 3898 sponsam
808 3817 981 3896 traducere,
997 3817 1137 3898 nuptialia
1150 3813 1304 3877 celebrare
1319 3812 1422 3871 couri-

108 3922 169 3980 sla.
195 3918 413 3980 Matrimonium
431 3930 527 3981 autem
541 3922 620 3980 omni
634 3929 769 3999 tempore
784 3920 917 3981 contrahi
931 3928 1041 4000 potest
1072 3918 1200 3998 Nuptlae
1215 3930 1288 3972 uero
1303 3928 1360 3991 qua
1371 3910 1421 3971 de·

109 4030 158 4082 eet
178 4021 323 4082 modestia
348 4031 378 4082 et
403 4021 561 4082 honestate
580 4022 665 4082 hant:
686 4030 787 4081 sancta
810 4023 887 4095 enim
907 4038 956 4082 res
977 4028 1024 4080 est
1035 4016 1251 4079 matrimonium
1263 4008 1445 4092 saueteqne'

110 4121 303 4184 tractandum.
321 4158 358 4167 -
385 4123 469 4197 Quae
489 4124 585 4184 omnia
604 4122 670 4184 lere
687 4139 726 4183 ex
738 4122 814 4184 sacri
829 4118 956 4182 Goncttlt
971 4119 1134 4181 Tridentini
1149 4116 1277 4177 decretis
1293 4114 1424 4175 dmumta

111 4227 226 4286 etitem
240 4224 315 4300 alla,
336 4218 411 4304 quse
426 4224 466 4286 ibi
480 4223 518 4287 de
531 4226 716 4288 matrimonio
730 4225 787 4285 rite
801 4220 1003 4286 contrahendo
1017 4219 1258 4300 praecipiuntur,
1277 4224 1346 4277 suut
1360 4214 1424 4277 dull·

111 4335 221 4402 peutm
237 4325 391 4386 uertenda.
