3046 4942
721 302 863 377 382,

111 503 321 591 praeparata.
367 489 421 560 Tu
440 490 556 581 igitur,
576 486 722 559 Domine
748 488 887 583 proprio
908 507 971 559 ore
990 495 1048 559 tuo
1069 485 1205 560 hostias
1224 502 1335 581 super
1354 506 1421 556 erm

112 597 287 690 impositas
314 589 552 684 bene†dicito
579 600 614 660 et
632 588 831 663 benedictas
857 590 1040 685 suscipito,
1073 610 1116 660 ac
1142 587 1249 664 nobis
1273 585 1420 661 omullus

112 696 247 784 tribue,
285 706 323 775 Ιιιι
352 694 610 790 participatione
643 712 760 764 earum
789 694 894 764 vitam
926 694 1142 786 acquiramus
1176 692 1417 786 sempiternam.

112 807 200 884 Quod
212 808 357 888 sequitur,
371 806 444 867 dicit
457 805 601 865 submissa
614 822 690 866 voce
704 803 832 883 legendo
847 805 886 866 fta
900 813 997 864 tenen
1013 802 1091 884 qaod
1102 801 1416 867 accensarentur·

48 986 61 1003 1
111 909 258 972 rudiatur:
286 900 353 971 Per
375 898 557 970 Dominum
580 907 731 970 nostrum
755 915 811 968 eto
851 903 894 988 Bt.
916 891 1084 993 Ameml)

212 1012 400 1074 Praefatione
422 1010 518 1085 finita,
539 1008 678 1071 Pontifex
699 1009 836 1086 inchoat,
864 1008 968 1070 schola
988 1016 1192 1088 prosequente
1214 1005 1413 1088 Antiphonem:

112 1103 282 1178 Gorrdrrna
317 1104 385 1175 hoc
407 1102 525 1190 Deus,
553 1101 645 1195 qaod
674 1113 836 1197 operatus
855 1123 895 1175 es
920 1103 956 1173 in
980 1100 1122 1174 nobes
1148 1100 1284 1198 templo
1308 1109 1413 1173 sanda

110 1218 184 1297 tuo,
211 1206 303 1304 quod
329 1207 445 1281 estin
471 1201 668 1278 Ierusalem.
721 1203 882 1275 Alleluia.
938 1204 1099 1278 Prolmus.
1143 1203 1309 1298 Exurge
1331 1201 1413 1275 Deus

112 1328 169 1380 etc.
208 1318 246 1380 itt
267 1318 371 1379 dicitur
386 1324 483 1386 totus;
504 1316 621 1396 incepta
635 1315 805 1396 Antiphone
820 1316 976 1393 Pontifex,
998 1324 1119 1396 accepta
1136 1317 1224 1376 mitra
1240 1334 1306 1377 can
1318 1314 1413 1396 pollice

112 1422 234 1484 dextrae
254 1440 356 1483 manus
370 1417 534 1481 chrismate
553 1419 674 1480 intincto
699 1418 773 1481 facit
785 1417 906 1480 crucem
921 1420 953 1480 in
963 1418 1072 1480 'fronte
1085 1417 1206 1496 altaris,
1228 1417 1304 1480 nifril
1318 1417 1411 1479 dicens

112 1525 180 1599 Quo
194 1524 273 1586 facto
287 1521 485 1603 etpraedioto
500 1520 615 1583 Psalmo
630 1522 725 1599 finito,
743 1521 879 1602 deposita
893 1522 976 1583 mitra
992 1520 1078 1584 dicit:
1132 1536 1138 1547 ·

215 1618 359 1689 Oceano.
407 1612 619 1687 Maiestatem
647 1625 738 1688 taam
763 1614 909 1686 Domine
930 1614 1099 1685 humiliter
1121 1611 1409 1708 imploramus,ut

111 1719 220 1792 altaro
242 1719 309 1792 hoc
330 1736 452 1790 sacrae
475 1719 643 1789 unctionis
664 1716 823 1789 libamina
844 1716 886 1788 ad
907 1714 1123 1812 suscipienda
1143 1714 1266 1810 populi
1285 1716 1334 1786 tui
1353 1736 1411 1785 mu

68 1826 72 1837 '
110 1843 194 1895 nera
214 1824 386 1893 inunctum
407 1827 566 1915 potenter
585 1818 838 1914 hene†dicere
859 1829 894 1890 at
911 1816 1172 1912 san'cti†fioare
1192 1815 1368 1910 digneris,
1384 1825 1414 1887 ιι

111 1916 204 2018 quod
223 1945 315 1997 nunc
334 1921 435 1994 nobis
455 1921 617 2012 indignis,
639 1921 701 1996 suh
725 1924 773 1994 tui
790 1924 936 1994 nominis
959 1922 1178 1992 invocatione
1202 1921 1239 1991 in
1258 1919 1413 1992 honoren

110 2024 327 2099 beatissimae
349 2026 494 2115 virginis
514 2021 645 2095 Mariae
667 2035 701 2096 ct
724 2026 873 2096 omnium
895 2024 1100 2099 Sanctorum
1119 2031 1224 2117 atque
1244 2024 1280 2094 in
1296 2043 1414 2095 memo

109 2128 195 2198 riam
216 2127 335 2200 Sancti
361 2128 410 2196 tui
436 2123 477 2195 N.
504 2129 714 2197 sacrosancti
736 2124 1119 2205 Chrismatisrmctiono
1146 2123 1331 2197 delibutum
1355 2133 1415 2212 est,

109 2227 244 2324 placeat
270 2226 331 2299 tibi
353 2235 454 2319 atque
477 2225 584 2297 altare
610 2238 753 2299 moneat¹
770 2238 992 2324 perpetuum,
1018 2237 1056 2300 ut
1079 2225 1237 2324 quicquid
1255 2224 1413 2322 deinceps

110 2352 216 2424 super
240 2328 324 2402 illud
353 2327 503 2400 oblatum
529 2336 746 2402 sacratumve
771 2329 892 2420 fuerit,
929 2331 1066 2424 dignum
1089 2330 1150 2403 titi
1176 2328 1233 2401 frat
1255 2328 1415 2402 holocau-

111 2441 212 2520 stum,
235 2443 337 2528 atque
360 2433 507 2503 omnium
529 2430 584 2501 hio
606 2432 818 2504 offerentium
841 2432 1006 2507 sacrificia
1029 2443 1101 2505 ate
1120 2436 1179 2529 pio
1197 2431 1342 2504 Domino
1361 2430 1415 2503 be

109 2536 214 2627 nigre
233 2537 473 2631 suscipiantur,
495 2543 529 2604 et
548 2555 611 2628 per
633 2557 674 2605 ee
695 2536 834 2607 vincula
854 2546 1075 2631 peccatorum
1092 2545 1294 2608 nostrorum
1310 2533 1414 2607 absol·

109 2648 252 2727 vantur,
277 2637 434 2709 maculae
457 2635 653 2724 deteantur,
676 2640 800 2709 veniae
825 2639 1065 2732 impetrentur,
1089 2640 1225 2731 gratiae
1247 2640 1413 2733 aequiran·

109 2749 177 2826 tur,
200 2750 367 2832 quatenus
384 2747 454 2809 una
476 2752 552 2808 curn
572 2735 707 2811 Sanctis
730 2749 764 2810 et
784 2739 913 2812 Electis
936 2742 1002 2813 tuis
1021 2742 1127 2812 vitam
1147 2742 1334 2837 percipere
1352 2759 1411 2811 ne

109 2860 255 2913 reamur·
273 2850 457 2911 aeternam.
485 2838 553 2910 Per
581 2838 758 2913 Christum.
807 2847 850 2935 ip.
877 2841 999 2914 Amen.
1007 2837 1043 2939 ¹)

213 2950 294 3013 Pone
307 2951 464 3027 Pontifex,
484 2960 607 3032 aoespts
627 2953 710 3013 mitra
729 2972 794 3015 oum
809 2952 917 3035 pollice
931 2954 1074 3015 dexterae
1085 2971 1188 3015 menas
1203 2954 1366 3017 chrismate
1376 2954 1408 3014 iu·

110 3055 202 3117 tincto
216 3055 334 3133 inungit
346 3056 377 3116 in
392 3053 617 3116 nodumorucis
633 3057 856 3119 coniunctiones
869 3060 1007 3133 mensae,
1024 3074 1078 3119 scu
1092 3055 1211 3119 talrufee
1228 3057 1332 3119 altaris
1346 3064 1373 3118 et
1382 3055 1408 3115 ti·

109 3154 182 3232 tali,
198 3158 263 3219 sirs
277 3157 404 3237 stipitis,
418 3165 544 3238 quatuor
557 3139 690 3236 angulis,
704 3161 786 3239 quasi
802 3158 852 3220 ilia
866 3160 1051 3236 coniungens
1064 3157 1100 3219 ad
1113 3160 1250 3238 singalas
1264 3178 1364 3223 cruces
1374 3156 1407 3218 tt

110 3274 197 3320 cens:
228 3247 270 3320 ln
292 3252 430 3322 nomine
452 3250 612 3343 Paitris
638 3261 672 3322 et
693 3250 814 3346 Fi†lii
839 3263 876 3325 et
899 3250 1047 3348 Spiritus
1065 3247 1105 3342 .†
1131 3250 1262 3326 Sancti
1308 3257 1407 3351 dente

109 3359 244 3441 deposita
258 3362 358 3439 mitra,
374 3362 464 3431 dicit:
873 3396 875 3401 <

161 3500 189 3521 ι.
211 3454 356 3526 Ocemue.
396 3452 577 3550 Supplices
599 3465 634 3526 te
654 3455 892 3551 deprecamur,
916 3459 1130 3552 omnipotens
1149 3467 1295 3529 aeterne
1315 3456 1406 3551 Deus,

107 3576 171 3652 per
203 3558 413 3649 unigenitum
439 3555 562 3628 Filium
588 3567 681 3629 tuam
707 3557 890 3630 Dominum
915 3569 1069 3632 nostrum
1095 3556 1211 3631 lesum
1239 3559 1403 3641 Christum,

106 3669 145 3731 ut
164 3659 278 3733 altare
303 3656 371 3730 hoc
392 3661 518 3732 sanctis
545 3659 661 3734 usibus
687 3671 924 3756 praeparatum
950 3662 1096 3733 coelesti
1121 3660 1260 3755 benef·
1275 3661 1403 3734 dictione

107 3760 319 3849 sanctifices,
351 3772 386 3834 et
416 3764 503 3835 sicut
525 3759 758 3835 Melchisedec
784 3762 982 3839 Sacerdotis
1009 3766 1185 3860 praecipui
1214 3764 1406 3837 oblationem

108 3861 303 3955 duratione
325 3863 468 3936 mmabili
490 3867 689 3959 suscepisti,
714 3868 760 3936 ita
778 3868 934 3962 imposita
951 3867 1032 3939 huic
1049 3882 1142 3938 novo
1160 3867 1267 3940 altari
1281 3883 1408 3940 munera

112 4022 338 4037 „naum-...m

176 4084 252 4158 tttt.
270 4094 309 4142 et
329 4094 364 4143 ut
378 4086 709 4145 attentiori-hoo
723 4087 956 4163 praesentiis
972 4095 1133 4162 ternpore
1150 4118 1192 4131 -
1207 4096 1243 4146 et
1258 4087 1409 4161 tenplum

107 4197 146 4209 -
166 4170 376 4229 Sanctorum
398 4179 534 4229 tuorum
554 4172 740 4250 (illorum)
761 4176 895 4231 mentio
916 4173 1408 4247 habetur—dignare-por

106 4267 249 4321 quorum
269 4287 312 4298 -
333 4256 570 4315 sanctissimo
593 4259 727 4316 nomini
747 4286 790 4300 —-
810 4260 936 4316 Horum
956 4259 1127 4330 igitur-
1151 4274 1277 4331 magna
1299 4259 1409 4316 videns

106 4338 223 4393 erexit
237 4370 279 4379 -
293 4344 474 4414 supposita
490 4343 721 4401 -ccelastis
739 4374 773 4387 -
792 4350 826 4400 tu
842 4352 1108 4417 arg‘o--atque
1123 4346 1230 4405 nobis
1248 4376 1288 4389 -—
1305 4342 1407 4416 aequi·

106 4434 220 4476 turnus
236 4433 424 4482 ueternum.

174 4502 205 4570 2)
218 4507 253 4563 if.
267 4515 418 4566 sanctae
432 4521 523 4569 auct
540 4512 730 4570 libramine
744 4542 784 4563 -r-
801 4513 870 4571 inv.
886 4516 919 4572 in
935 4516 1072 4573 honore
1087 4521 1120 4572 et
1133 4515 1279 4573 nemina
1292 4511 1409 4574 Sancti

103 4586 273 4658 llxrtrris
288 4591 337 4646 tui
353 4592 507 4651 ifliue—
522 4597 707 4655 tibisit-
724 4598 827 4656 renis
843 4600 1067 4674 impetretur,
