3046 4942
726 313 801 382 306

112 500 201 571 19991
223 497 278 568 illi.
319 499 361 584 11.
387 492 500 590 Super
517 494 644 565 leolum
665 460 796 566 doloris
817 491 941 590 91991)
984 493 1131 564 Domine
1154 493 1284 564 exaudi
1303 495 1414 564 oratio-

113 622 191 671 nem
212 620 329 670 meam.
367 595 1008 687 1111191999999999119999191.
1050 595 1217 668 Dominus
1236 594 1415 667 vobiscum.

113 708 155 796 11.
183 702 227 772 Et
252 722 325 770 cum
349 701 468 794 spiritu
491 709 559 770 too.

217 802 369 872 Oremus.
408 800 517 887 Deus,
538 801 594 869 cui
612 801 788 892 proprium
808 809 861 870 est
880 800 1037 869 misereri
1055 819 1192 895 semper
1211 808 1247 869 et
1264 821 1417 893 parcere:

113 907 252 1021 suscipe
284 901 560 996 deprecationem
588 910 756 970 nostram:
787 910 825 970 ut
857 922 920 971 nos
952 910 987 970 et
1011 899 1101 970 huno
1127 900 1296 971 famulum
1323 912 1416 989 tuum,

114 1005 201 1099 q'uos
223 1004 423 1075 delictorum
446 1013 565 1074 catena
588 1005 802 1094 constringit
825 1004 998 1074 miseratio
1020 1010 1099 1071 tuae
1120 1005 1257 1097 pietatis
1280 1005 1417 1075 clemen·

368 1100 386 1147 2

113 1118 166 1179 ter
194 1106 335 1294 adisddd?
337 1112 537 1276 1911911919
556 1202 732 1276 humanae
741 1205 916 1297 singulare
934 1203 1154 1299 praesidium,
1172 1206 1296 1276 auxilii
1312 1209 1361 1276 tui
1373 1229 1416 1279 su-

34 1378 44 1389 ,
112 1332 176 1403 per
197 1307 362 1378 infirmum
383 1307 546 1377 famulum
572 1318 666 1379 tuum
693 1307 836 1378 ostende
863 1309 1040 1378 virtuterm
1074 1316 1110 1376 ut
1136 1328 1204 1401 ope
1232 1311 1416 1379 misericor·

114 1410 190 1479 diae
212 1419 291 1480 tuae
311 1406 462 1497 9119199,
496 1410 668 1504 ecelesiae
696 1418 774 1478 tuae
801 1417 939 1480 sanctae
966 1408 1144 1479 incolumis
1170 1412 1415 1505 repraesentari

112 1506 335 1605 mereaturss)
993 1586 1001 1595 ‚

216 1608 377 1682 Concede
400 1610 488 1681 hunc
510 1609 673 1681 famulum
699 1621 793 1682 tuum
816 1632 1022 1703 quaesumus
1045 1611 1191 1682 Domine
1214 1610 1413 1707 11999999-

112 1723 215 1808 petua
237 1715 358 1784 mentis
380 1722 414 1783 et
434 1716 590 1806 corporis
609 1715 752 1785 sanitate
773 1712 944 1805 gaudere:
966 1722 1000 1784 et
1018 1714 1193 1805 gloriosae
1213 1712 1338 1785 beatae
1354 1712 1413 1785 dla-

111 1818 184 1885 riae
205 1837 341 1909 semper
355 1817 504 1905 Virginis
527 1816 775 1886 intercessione
789 1837 808 1883 a
824 1817 997 1908 praesenti
1014 1814 1153 1885 liberari
1169 1817 1306 1884 tristitia
1321 1826 1354 1886 et
1366 1838 1413 1885 ae-

112 1924 208 1985 terna
232 1915 362 2011 perfrui
382 1916 516 1985 laetitia.
537 1915 605 1985 Per
620 1914 790 1986 Christum
804 1915 984 1985 Dominum
1009 1926 1171 1986 nostrum.
1196 1920 1240 2005 11.
1257 1913 1411 2011 119994)

112 2016 312 2088 Benedictio
334 2016 399 2087 Dei
418 2019 656 2110 omnipotentis
676 2017 787 2088 Patris
805 2015 837 2105 †
857 2026 891 2086 et
904 2017 981 2086 Filii
1000 2026 1033 2087 et
1047 2015 1193 2112 Spiritus
1211 2016 1332 2090 Sancti
1348 2019 1412 2090 des

112 2119 236 2188 cendat
262 2140 364 2212 super
391 2128 425 2187 te
449 2127 482 2187 et
503 2126 639 2187 maneat
664 2140 810 2212 semper.
857 2122 898 2207 11.
925 2117 1049 2189 Amen.

213 2228 329 2289 Deinde
343 2237 562 2308 aspergateum
577 2247 650 2306 aqua
666 2228 831 2289 benedicta.

215 2331 271 2404 Qui
293 2339 456 2408 sequuntur
469 2329 575 2389 Psalmi
592 2338 622 2388 et
639 2329 800 2407 Evangelia
814 2350 878 2391 eum
890 2331 1027 2411 precibus
1041 2347 1094 2410 pro
1110 2331 1252 2408 temporis
1267 2332 1354 2391 etiam
1367 2347 1411 2409 op·

112 2432 293 2510 portunitate
316 2440 346 2490 et
364 2434 578 2508 aegrotantium
594 2431 643 2510 pio
662 2430 828 2510 desiderio,
850 2430 1018 2493 Sacerdotis
1032 2429 1154 2491 arbitrio
1168 2431 1229 2492 diei
1242 2418 1410 2511 poteruut⁶l

112 2528 276 2592 Psatmusti
294 2521 441 2594 Domine
457 2545 502 2593 ne
525 2526 559 2592 in
579 2521 698 2593 lurore
719 2533 779 2594 tuo
798 2546 923 2617 arguas
939 2545 1003 2593 me.
1046 2523 1213 2595 Dominus
1231 2523 1411 2596 vobiscum.

110 2627 152 2712 lp.
173 2624 216 2695 Et
243 2646 319 2694 cum
338 2627 457 2718 spiritu
477 2635 545 2694 tuo.
586 2621 772 2716 Sequentia
795 2625 911 2699 Sancti
928 2623 1110 2716 Evangelii
1130 2625 1318 2695 secundum
1334 2624 1413 2695 illat-

110 2720 255 2792 thaeum.
303 2728 346 2813 11.
374 2721 491 2793 Gloria
514 2723 574 2793 tibi
595 2723 751 2795 Domine.

105 2847 316 2858 ——-..-—-—

172 2889 409 2967 l)l’recationes:
425 2891 520 2948 Nihil
535 2893 711 2964 proiiciat
727 2900 779 2950 919.
796 2911 880 2967 usque
896 2894 930 2950 ad
944 2896 1071 2951 199199
1085 2893 1233 2950 1919919
1247 2893 1324 2950 9199
1338 2893 1411 2950 9911·

92 3010 95 3016 -
110 2973 143 3030 tit
155 2974 271 3045 Agenda
283 2976 396 3030 1199991.
414 2973 492 3030 1111.

172 3054 203 3131 1)
172 3059 292 3115 illaec
309 3058 403 3114 Oratio
424 3075 494 3130 quae
513 3059 541 3115 in
560 3061 622 3118 eliis
635 3077 742 3134 quoque
757 3062 856 3118 ciliciis
869 3062 970 3133 legitor
984 3066 1025 3117 est
1039 3059 1152 3132 proprie
1163 3012 1199 3116 19
1210 3061 1338 3132 peccetis
1361 3059 1410 3115 llx-

108 3143 184 3196 9191
177 3158 203 3197 ιιι
219 3143 295 3202 Scor.
307 3141 441 3213 1199999.

170 3224 202 3298 3)
218 3225 337 3282 Sacram.
354 3225 638 3285 1191991199911991111
650 3229 789 3286 orationes
803 3226 931 3282 11999199
946 3194 1028 3298 super
1040 3227 1172 3284 191999
1164 3226 1303 3297 911999,
1324 3227 1410 3283 91199·

61 3358 64 3363 .
108 3307 161 3364 ctis
172 3308 258 3364 tribus
271 3309 368 3379 aliis(
359 3327 386 3365 m
399 3312 479 3367 111999
495 3328 546 3383 pro
559 3313 670 3370 lnllrmis
685 3312 846 3368 recitandas.
873 3311 1007 3368 19199199
1022 3328 1089 3383 quas
1103 3311 1185 3368 modo
1199 3312 1338 3367 9991999
1330 3309 1409 3381 legi-

107 3397 152 3448 199
167 3408 213 3447 99
230 3393 654 3467 1999191199119119919,
668 3394 1114 3467 1911999991991919991919999
1129 3394 1410 3466 superinliruos

107 3481 305 3533 nostros-
317 3477 482 3533 adiuti-
497 3469 751 3550 sanctaerepr.
767 3485 977 3535 mereantur
1003 3479 1411 3552 119919999919199999911191

107 3561 184 3617 Scor
200 3560 407 3630 Gregorianum‚
422 3563 458 3616 111
474 3565 613 3619 orationes
630 3563 664 3618 de
678 3563 789 3619 1919919
805 3563 948 3634 praebens

166 3642 712 3715 1)1199919119999199.1111991191
733 3646 870 3704 collectas
884 3647 975 3703 Deus
995 3648 1050 3703 cui
1071 3645 1259 3720 proprium
1282 3655 1311 3702 91
1334 3648 1410 3703 Con

106 3726 204 3783 cede.
240 3727 367 3798 „Deinde
387 3728 496 3784 191999
514 3729 639 3785 adhibeat
654 3730 768 3785 Crucem
781 3731 956 3787 osculandam
977 3739 1092 3802 oretque
1111 3748 1171 3786 eum
1192 3731 1241 3786 illo
1258 3731 1411 3803 sequeutia:

105 3808 152 3866 leh
167 3811 229 3868 bete
244 3812 311 3868 Dich
323 3829 368 3888 99,
380 3829 397 3867 9
411 3812 480 3868 9919
493 3813 702 3882 gelreouigster
713 3814 784 3885 lesu,
795 3813 848 3869 991
859 3815 991 3870 19991919
1003 3816 1085 3870 Dicin:
1101 3815 1171 3870 deon
1184 3814 1271 3871 durch
1284 3815 1347 3871 dein
1358 3813 1410 3870 191-

105 3891 177 3963 liges
188 3897 277 3953 119999
288 3897 399 3951 1991119
413 3899 500 3954 99199
510 3897 591 3953 Seele
605 3897 735 3957 eridet.“.
749 3899 845 3954 Postea
857 3915 891 3954 ex
903 3899 1025 3955 19999119
1036 3915 1117 3970 sopra
1128 3899 1239 3970 scriptis
1251 3901 1410 3971 praelegere

105 3978 206 4048 poterit
217 3987 303 4036 actum
316 3980 394 4050 1191,
408 3981 467 4052 spei
483 3982 510 4036 et
526 3981 647 4037 caritatis
661 3981 770 4052 illisque
785 3983 889 4038 actibus
904 3983 1047 4053 absolutis,
1062 3983 1085 4037 ei
1098 3982 1280 4054 trivissem,
1294 3984 1410 4040 discorso

104 4059 231 4131 quopiam
244 4064 290 4133 pio
305 4065 420 4119 animum
432 4065 530 4119 lniirmi
542 4065 652 4135 erigere
664 4073 725 4121 ante
740 4067 839 4122 911199
851 4083 926 4122 9999
941 4067 1051 4138 poterit.
1079 4067 1190 4121 Deorum
1204 4068 1233 4123 91
1248 4068 1410 4124 19119999

104 4140 139 4196 11
153 4142 342 4204 desideret
355 4148 491 4205 Sacerdos
502 4148 621 4222 imponet
636 4148 776 4206 19919999
789 4166 892 4205 99999
903 4165 983 4221 supra
995 4156 1076 4222 eaput
1087 4150 1185 4206 Inlirmi
1196 4150 1308 4207 dicens:
1329 4154 1410 4223 Super

104 4233 274 4295 99999919.

167 4309 198 4383 1)
214 4310 282 4366 ilinc
300 4319 391 4384 petet,
414 4316 507 4387 quod'
499 4323 569 4373 istae
580 4317 725 4373 099119999
741 4322 769 4372 91
782 4333 881 4388 preces
892 4334 975 4390 super
988 4317 1122 4373 1919999
1137 4333 1192 4373 999
1207 4324 1271 4374 suut
1287 4318 1321 4374 19
1335 4334 1409 4391 pree·

104 4395 187 4483 cepto
203 4393 343 4449 faciendae
357 4412 373 4451 9
387 4397 553 4471 Sacerdote,
574 4400 623 4458 sed
635 4399 743 4471 999919
754 4407 878 4472 tempus
899 4400 1023 4458 conditio
1039 4408 1070 4457 91
1080 4401 1192 4467 occasio
1207 4400 1237 4456 id
1252 4402 1339 4463 19991·
1361 4418 1409 4457 999

105 4470 178 4528 enim
188 4481 250 4531 9991
262 4475 437 4537 1999999919
444 4483 498 4556 sed
511 4484 731 4568 sacramentalia,
745 4483 782 4540 91
795 4500 908 4558 quorum
922 4485 1145 4543 ministrationem
1156 4485 1297 4593 19199199
1310 4492 1365 4543 199
1376 4486 1409 4542 91-

103 4568 208 4626 999999
221 4570 276 4613 999
290 4565 409 4621 1999199.
1195 4604 1198 4609 ·
