3046 4942
664 244 926 358 177'·

80 486 141 538 nne
168 475 289 559 peetus
315 477 468 539 nostrum
494 468 638 573 mpstioa
670 469 772 539 clave
799 467 999 541 claudamus
1027 470 1191 544 solobiis
1218 472 1357 560 clausis,

80 577 243 662 corrupta
265 577 378 638 mente
398 569 475 640 Deo
503 569 692 661 loquamur.
729 571 825 642 Deus
849 579 964 640 autem
977 573 1107 643 'noster
1127 571 1207 642 lidei
1232 584 1267 644 et
1289 593 1358 643 non
1461 624 1465 629 -
1502 580 1505 585 '

80 672 146 741 sois
171 668 306 740 auditor
326 679 388 741 est.
425 667 611 745 Claudatur
633 692 719 761 ergo
739 671 840 742 clave
859 669 939 742 fidei
960 683 1081 767 pectus
1102 683 1255 744 nostrum
1275 694 1358 745 oon-

80 792 97 840 n
130 768 271 844 iusidias
297 770 489 859 adversarii
522 782 558 844 et
588 770 654 843 soli
687 772 764 843 Deo
795 782 933 867 pateat,
967 776 1064 847 cuius
1091 774 1254 869 templum
1279 795 1358 846 esse

80 873 280 963 agnoscitur,
302 882 351 961 ut,
374 893 450 943 cum
473 871 651 943 habitatin
671 872 832 945 cordibus
854 876 993 961 nostris,
1010 876 1085 968 ipse
1105 878 1149 945 sit
1168 873 1358 947 advocatus

105 972 267 1075 precibus
300 976 436 1046 nostris·
469 973 585 1065 llrgo
609 972 673 1043 Dei
702 996 817 1047 sermo
847 985 880 1045 et
911 974 976 1063 Dei
1009 978 1173 1071 sapientia
1204 974 1358 1047 Christos

80 1077 214 1147 ominus
239 1085 358 1146 noster
384 1072 471 1145 banc
493 1078 683 1146 orationem
705 1097 769 1148 nos
792 1075 907 1147 docuit
934 1079 979 1146 ita
1002 1098 1126 1148 orare:

148 1218 288 1303 Sequitur
301 1218 404 1279 Oratio
420 1217 573 1280 Dominica
591 1218 705 1279 adiecta
725 1218 808 1278 brevi
830 1204 1069 1298 expositione¹).
1112 1220 1145 1281 ln
1167 1221 1224 1281 lanc
1247 1219 1356 1280 adnan-

80 1328 98 1380 ιι
124 1320 273 1380 Diaconos
300 1328 331 1380 ut
357 1337 446 1398 supra
477 1309 572 1383 State
600 1321 662 1382 elo.
692 1328 722 1379 et
747 1318 910 1397 Presbyter
934 1320 1054 1381 subiicit
1079 1320 1168 1383 baec:
1202 1312 1358 1385 Audistis

80 1412 256 1483 lectissimi
292 1411 493 1482 Dominicae
527 1414 691 1483 orationis
729 1422 845 1483 sancta
887 1415 1074 1510 mysteria:
1109 1436 1201 1485 nunc
1236 1424 1356 1484 euntes

80 1536 87 1583 ι
115 1515 241 1585 vestris
268 1511 429 1583 cordibus
460 1515 648 1582 innovate:
681 1521 718 1582 ut
740 1511 782 1582 ad
802 1513 1013 1583 exorandam
1043 1522 1076 1584 et
1101 1512 1356 1610 percipiendam

80 1612 111 1684 ci
141 1612 412 1700 misericordiam
440 1610 587 1704 perlecti
614 1614 650 1682 in
676 1610 811 1682 Christo
843 1632 921 1683 esse
950 1614 1099 1706 possitis.—
1152 1613 1279 1685 Potens
1304 1624 1357 1686 est

80 1718 214 1785 ominus
242 1712 349 1784 Deus.
365 1722 502 1782 nostera
532 1720 567 1780 et
588 1732 655 1783 vos
679 1712 735 1804 qui
757 1710 799 1802 ad
822 1709 922 1780 iidem
944 1714 1089 1785 curretis
1112 1712 1157 1784 ad
1182 1713 1358 1784 lavacrum

80 1837 158 1909 [uae
181 1814 454 1905 regenerationis
479 1811 644 1907 perducat
660 1820 724 1882 etc.
749 1830 897 1900 utsupra.
937 1820 989 1882 llis
1013 1821 1098 1882 dictis
1121 1823 1270 1903 adposuit
1292 1822 1357 1883 uia·

84 1944 157 1985 nus:
189 1912 437 2007 Oatechumeni
459 1911 632 1984 recedant.
677 1921 794 1983 Exeunt
820 1923 900 1985 loros
927 1931 958 1983 et
983 1925 1173 2004 prosequitur
1198 1914 1359 2001 Presbyter

80 2013 218 2100 issam2).
247 2025 346 2085 Sacris
362 2026 492 2104 peractis
505 2023 693 2085 denuntiatur
707 2022 930 2087 catechumenis
951 2025 1142 2106 redeuntibus
1150 2026 1187 2113 jn
1202 2024 1356 2107 eeclesiam
1383 2072 1388 2083 .

80 2129 380 2207 trutiniumquartum.
425 2154 434 2171 ·
992 2172 1001 2187 .

113 2248 118 2257 ·
151 2218 353 2304 Quartum
374 2227 560 2305 Scmtinium
572 2226 738 2291 celebratur
750 2230 826 2292 laria
840 2239 942 2312 quarta
963 2238 1032 2311 post
1044 2231 1227 2294 Dominicam
1241 2228 1357 2291 Passio·
1472 2262 1480 2275 ι

80 2352 110 2409 s,
135 2324 328 2416 quintum
353 2329 484 2391 Sabbata
500 2328 633 2390 eiusdem
647 2331 855 2408 hebdomadis,
883 2332 1052 2395 sextum
1071 2333 1146 2394 ieris
1167 2338 1267 2412 quarta
1287 2337 1356 2410 post

80 2435 229 2495 ominicam
244 2430 416 2493 l'almarum.
444 2430 513 2491 Ritu
524 2449 558 2492 ao
570 2432 756 2493 caerimoniis
771 2451 830 2493 nan
844 2432 1042 2513 discrepante
1058 2434 1152 2512 primo
1167 2441 1197 2491 et
1215 2429 1355 2490 secundo.

150 2521 384 2620 Septimum
411 2532 605 2606 Scantiniam,
635 2532 715 2612 quod
741 2543 866 2595 vocatur
893 2521 940 2592 lu
961 2522 1211 2592 relidilione
1234 2519 1355 2613 Sym·

80 2629 139 2699 oli
163 2635 291 2717 Sabbata
313 2628 419 2696 sancto
435 2633 586 2696 Pascbatia
607 2633 741 2695 babetur.
775 2633 943 2695 Procedant
960 2631 1184 2708 adecolesiam,
1200 2631 1249 2710 qui
1264 2628 1357 2709 bapti·
1457 2694 1461 2699 ,

81 2738 132 2799 ndi
150 2745 217 2799 sunt
237 2744 268 2796 et
284 2736 411 2797 reddunt
423 2735 452 2797 b.
468 2755 495 2796 e.
514 2737 685 2799 memoriter
697 2738 822 2797 recitant
835 2734 1007 2817 Symbolum
1028 2742 1057 2794 et
1072 2728 1242 2795 Oratio'nem
1256 2730 1356 2793 Domi·

80 2857 141 2899 aam
159 2830 308 2899 latinarel
325 2838 565 2916 praemiaque,
583 2856 639 2917 qua
658 2836 804 2921 Christum
826 2839 1013 2898 comitentur.
1056 2835 1094 2895 Et
1114 2836 1249 2914 imposita
1270 2851 1354 2893 manu

80 2959 137 3023 per
153 2940 247 3017 capita
260 2939 441 3016 singulorum
455 2939 526 3001 dicit
543 2939 706 3017 Sacerdos:
726 2928 808 3001 Neo
819 2941 854 3001 le
872 2929 975 2999 luleul
997 2926 1155 3013 8818888,
1178 2927 1357 3009 imminerit
1413 2984 1418 2991 .

80 3036 101 3105 ri
135 3039 322 3115 tormenta,
343 3026 525 3099 'imminere
552 3030 611 3100 tibi
638 3029 745 3101 diem·
758 3031 894 3117 iudicii,
928 3030 1017 3121 diem
1047 3018 1231 3123 supplicii,
1266 3027 1355 3110 diem
1413 3050 1418 3071 ¹

80 3137 102 3206 ri
130 3139 298 3203 venturus
326 3138 378 3201 est
398 3128 494 3198 velut
520 3129 672 3202 clibanus
693 3132 836 3220 ardens,
863 3135 898 3202 iu
921 3152 990 3223 quo
1010 3129 1070 3200 tihi
1096 3138 1198 3222 atque
1214 3131 1353 3200 univer-

80 3260 91 3307 s
120 3232 255 3324 angelis
282 3232 349 3302 tuis
369 3226 523 3301 'aeternis
552 3233 668 3302 ueniet
696 3235 856 3307 interitus.
911 3230 1079 3319 Proinde,
1109 3228 1283 3320 damnate,
1311 3229 1356 3304 da

80 3357 214 3408 rnorem
240 3331 316 3402 Deo
343 3333 426 3403 vivo
454 3341 488 3401 et
517 3352 634 3429 vero:-
656 3331 699 3402 da
721 3333 887 3406 bonorem
913 3332 994 3406 lesu
1021 3329 1155 3405 Christo
1183 3330 1253 3404 filio
1279 3334 1353 3403 eius

80 3490 82 3502 .
105 3438 244 3537 Spiritui
272 3431 419 3523 Sancto,
449 3434 483 3503 in
512 3435 608 3506 ouius
635 3435 772 3506 nomine
797 3438 899 3533 atque
925 3437 1052 3508 virtute
1078 3436 1252 3532 praecipio
1281 3433 1353 3520 tihi,

82 3598 252 3606 ———..——-

133 3696 160 3761 l)
186 3693 305 3748 Sacram.
331 3689 431 3750 Gelaaii
453 3692 566 3765 pulobre
588 3692 783 3767 interpretatur
806 3694 942 3752 Orationis
964 3691 1221 3769 praefatiunculam:
1253 3686 1355 3747 l'atcr

80 3784 176 3834 ister
192 3785 244 3833 eto.
274 3777 347 3832 llaec
366 3776 500 3835 libertatis
515 3795 569 3835 vox
586 3778 630 3835 est
649 3787 676 3835 et
696 3779 893 3851 plenallducia.
923 3778 1059 3854 Ergobis
1077 3778 1156 3835 robis
1175 3774 1296 3831 moribus
1314 3776 1355 3827 ast

80 3860 299 3930 conclamaret
319 3860 365 3916 dlii
377 3863 426 3918 Dei
446 3870 474 3918 et
492 3864 591 3919 iratres
604 3862 702 3919 curisti
721 3881 783 3922 esse
800 3863 923 3937 possitis.
958 3865 1023 3920 Nam
1044 3863 1150 3919 Patrem
1166 3874 1243 3915 suum
1261 3855 1355 3927 Deum,

82 3964 97 4001 a
113 3945 267 4002 temeritate
283 3944 376 4001 dicere
388 3948 542 4019 praesumit,
557 3947 603 4018 qui
616 3947 651 4002 ab
663 3947 721 4005 eius
733 3949 872 4005 volontate
883 3944 1058 4018 degenerati
1073 3943 1150 4003 Unda
1160 3958 1221 4011 vos
1234 3940 1356 3997 dilectis-

79 4032 116 4100 ni,
129 4029 230 4100 dignos
242 4030 368 4100 eqbibete
386 4031 534 4102 adoptione
552 4030 652 4101 divina,
667 4032 793 4102 quoniam
806 4032 935 4104 scriptum
950 4039 1008 4088 est:
1031 4030 1171 4099 Quotquot
1182 4025 1357 4082 crediderant

84 4132 156 4184 cunr,
169 4113 244 4169 dedit
259 4115 298 4171 eis
310 4121 472 4185 potestatem
484 4116 556 4171 lilios
568 4114 618 4170 uei
635 4114 702 4172 lieri.
731 4116 772 4171 Er
791 4115 991 4188 precationibus
1009 4113 1130 4184 explicet
1144 4109 1223 4166 nobis
1234 4109 1356 4167 Gelasius

80 4199 181 4254 intem:
196 4198 235 4253 Et
252 4197 391 4254 dimitte
409 4200 528 4257 nobis:
551 4201 609 4256 lloo
621 4208 768 4272 praecepto
781 4190 951 4270 significans,
963 4214 1018 4255 non
1029 4212 1080 4252 nos
1092 4193 1172 4250 aliter
1182 4202 1357 4266 pcccatorum
1461 4201 1469 4215 ·

80 4298 131 4339 »sss
146 4283 252 4337 veniam
265 4284 416 4353 promereri
431 4284 481 4339 nisi
499 4285 575 4369 prius
586 4300 636 4341 nos
646 4285 673 4340 in
688 4302 738 4342 nos
753 4282 972 4355 delinquentibus
988 4279 1226 4349 mundaremus,
1245 4280 1314 4336 sieut
1328 4276 1357 4333 in

80 4366 200 4436 vangelio
211 4366 339 4423 Dominus
350 4366 432 4423 dicit:
458 4368 514 4426 Nisi
530 4368 685 4426 dimiseritis
704 4377 816 4442 peccata
828 4365 989 4438 bominibus,
1008 4380 1058 4421 neo
1072 4364 1150 4421 vobis
1168 4364 1248 4421 Pater
1264 4368 1356 4422 vestm

80 4450 165 4511 mittet
175 4457 287 4521 peccata
298 4459 399 4507 vestra.

131 4530 162 4610 u)
183 4535 257 4601 onae
277 4542 390 4592 vocatur
407 4537 434 4592 in
456 4538 680 4595 sacramentariis
699 4538 805 4595 llissa
828 4538 861 4594 in
884 4533 1098 4592 'traditione
1119 4531 1288 4602 sannoti.

1106 4619 1147 4682 la
