3060 4934
807 290 881 358 312

288 477 346 548 Ad
368 496 479 544 nores.
532 471 632 563 Urgo
656 472 717 545 has
743 493 846 545 nares
868 471 949 543 oleo
971 481 1090 545 sancto
1111 474 1146 543 in
1172 473 1313 544 nomme
1334 472 1488 547 Patriset

188 577 265 647 Filii
285 588 318 648 ct
345 574 491 670 Spiritus
513 573 629 645 Sancti
653 570 819 668 quicquid
832 577 939 645 noxio
963 584 1174 646 contractum
1198 585 1252 648 est
1272 574 1422 649 odoratu
1440 574 1487 647 vel

188 676 376 772 superfluo,
404 679 467 748 ista
489 676 659 746 emaculet
684 675 875 747 medicatio.
885 672 916 770 1)

288 781 345 851 Ad
370 779 472 849 ladio.
525 776 626 869 Urgo
657 776 745 848 labia
768 780 830 850 ista
857 779 1050 848 consecrati
1070 777 1139 847 olei
1160 776 1432 866 medicamento,
1459 784 1489 847 ul

188 880 348 975 quicquid
372 883 481 953 otiosa
506 879 566 950 vel
589 881 771 950 criminosa
792 879 946 973 peccasti
967 878 1156 965 locutione,
1183 879 1299 950 divine
1321 879 1488 950 clementia

187 986 390 1070 miserante,
418 990 632 1099 expurgetur
657 980 722 1051 hac
749 983 918 1051 unctione.
927 974 962 1075 ²)

290 1086 381 1155 Atta.
415 1081 454 1153 lu
474 1085 610 1153 nomine
632 1083 743 1175 Patris
765 1090 800 1151 et
819 1079 897 1151 Filii
918 1090 952 1150 et
973 1077 1118 1173 Spiritus
1140 1078 1257 1153 Sancti
1277 1083 1324 1152 sit
1340 1078 1401 1151 tibi
1418 1077 1489 1149 haec

188 1188 303 1256 unctio
330 1184 401 1255 olei
426 1182 626 1255 sanctificati
648 1182 691 1253 ud
717 1181 986 1283 purificationem
1008 1184 1130 1253 mentis
1157 1192 1191 1253 et
1217 1185 1380 1278 corporis
1406 1178 1488 1251 cted

188 1289 360 1355 munimen
386 1294 421 1355 et
441 1284 483 1354 ad
506 1283 739 1356 defensionem
760 1294 878 1355 contra
900 1284 1040 1354 iacula
1031 1285 1244 1354 mimicorum
1266 1282 1488 1379 spiritualium

290 1388 331 1456 ln
348 1396 483 1479 pudure.
536 1384 669 1478 luungo
693 1389 782 1456 tem
810 1397 947 1478 gutture
976 1385 1019 1454 dc
1046 1385 1126 1456 oleo
1156 1395 1276 1457 sancto
1304 1388 1341 1456 iu
1367 1386 1490 1456 nonin

189 1488 299 1559 Patris
321 1496 356 1558 ct
377 1486 454 1557 Filii
477 1498 511 1557 et
531 1485 676 1581 Spiritus
700 1487 835 1558 Sancti:
862 1497 898 1557 ut
920 1509 989 1556 non
1011 1486 1115 1557 latent
1137 1489 1276 1581 spiritus
1297 1485 1489 1571 immundus,

189 1611 302 1681 neque
333 1591 367 1658 in
389 1587 568 1675 membris,
598 1610 710 1682 neque
737 1592 772 1659 in
798 1589 975 1675 medullis,
1008 1610 1121 1681 neque
1143 1591 1177 1657 in
1203 1588 1275 1659 ulla
1297 1590 1488 1683 compagine

188 1690 437 1761 membrorum:
466 1689 528 1763 sed
555 1688 682 1760 habitet
708 1693 741 1759 iu
767 1700 802 1760 te
830 1694 936 1762 virtus
965 1687 1088 1760 Christi
1114 1690 1268 1761 altissimi
1295 1699 1332 1761 et
1357 1690 1488 1785 Spiritu

190 1789 324 1864 Sancti:
351 1802 518 1885 quatenus
543 1813 607 1885 per
630 1790 729 1863 huius
751 1793 987 1885 operationem
1012 1794 1167 1884 mysterii
1194 1802 1228 1862 et
1254 1814 1319 1887 per
1340 1791 1426 1862 hane
1443 1808 1488 1861 ee

190 1896 274 1963 crati
295 1892 364 1963 olei
389 1897 584 1963 unctionem
605 1904 706 1986 atque
729 1903 879 1963 nostram
902 1892 1192 1987 deprecationem,
1213 1895 1343 1965 virtute
1365 1901 1488 1965 sareu

190 1992 363 2067 Trinitatis
390 1995 577 2064 medicatus
603 1997 679 2065 sive
706 1993 810 2081 fotus,
837 1997 1011 2088 pristinam
1034 2003 1069 2064 et
1087 1994 1300 2067 melioratam
1322 1997 1488 2105 percipere

189 2098 354 2166 merearis
376 2099 562 2168 sanitatem.
572 2090 605 2190 ³)

290 2198 348 2270 At
361 2207 481 2292 peetus.
520 2194 621 2287 Ungo
640 2205 761 2290 pectus
783 2206 876 2265 tuum
895 2194 939 2265 de
959 2194 1038 2267 oleo
1056 2208 1187 2284 saneto,
1206 2206 1241 2266 ut
1258 2195 1327 2267 hoc
1343 2196 1524 2291 unctiotttt¹

190 2308 377 2391 protectus,
398 2299 534 2369 fortiter
556 2308 690 2368 certare
710 2298 830 2370 valeas
853 2297 1022 2369 adversus
1043 2297 1224 2370 aethereas
1244 2307 1422 2371 catervae
1428 2292 1524 2397 4)ζ

1520 2096 1524 2233 l

292 2398 393 2493 Urgo
420 2400 536 2472 locum
561 2400 676 2472 cordis
704 2400 783 2471 oleo
810 2399 971 2471 divinitus
994 2398 1224 2488 sanctificato,
1258 2400 1406 2473 coelesti
1429 2412 1524 2467 aru-
1522 2442 1524 2479 ς

102 2559 107 2566 .
189 2523 274 2572 uere
296 2501 394 2573 nobis
417 2500 576 2572 attributo
600 2505 790 2573 innomine
817 2512 956 2572 sauctae
978 2509 1013 2570 et
1033 2499 1231 2572 individuae
1251 2498 1490 2589 Trinitatistrt

189 2605 262 2695 ipsa
282 2613 315 2673 te
335 2605 476 2673 interius
497 2607 718 2696 exteriusque
736 2602 888 2674 sanando
906 2601 1077 2673 vivilicct:
1098 2625 1186 2695 quae
1205 2606 1404 2676 uuiversum
1421 2618 1490 2673 eou-

192 2702 352 2772 ditionem
374 2723 489 2787 suam,
516 2724 561 2770 ne
586 2715 722 2795 poreat5
750 2699 951 2795 commoti)

290 2802 347 2871 Ad
370 2803 532 2894 scapulos.
586 2802 686 2894 Ungo
722 2802 783 2875 hes
816 2805 974 2899 scapulas
1004 2807 1080 2875 sive
1111 2805 1259 2875 medium
1285 2804 1490 2900 scapulare·

192 2900 234 2970 de
257 2901 337 2972 oleo
363 2913 498 2973 sacruto
518 2905 551 2972 in
573 2906 710 2974 nomine
732 2904 840 2976 Patris
864 2915 897 2975 et
919 2904 996 2975 Filii
1019 2917 1053 2977 et
1076 2905 1222 3002 Spiritus
1244 2906 1377 2995 Sancti,
1399 2914 1435 2976 ut
1453 2922 1490 2972 er

191 3005 281 3071 omni
311 3013 408 3097 purte
435 3004 576 3097 spiritali
602 3009 817 3100 protectione
843 3010 1007 3094 munitus,
1038 3008 1148 3079 iacula
1171 3009 1334 3080 diabolici
1359 3011 1491 3102 impetu

190 3103 335 3173 viriliter
367 3115 587 3177 contemnere
621 3130 661 3177 ac
694 3109 815 3202 procul
849 3113 961 3203 possis
988 3131 1064 3179 cum
1091 3110 1220 3182 robore
1243 3113 1386 3204 superni
1407 3112 1491 3179 iuu-

193 3205 290 3277 miuis
312 3205 537 3302 repellere.⁶)

290 3307 347 3377 Ad
367 3330 491 3379 mamre.
544 3307 645 3401 ngo
674 3309 734 3382 has
757 3333 875 3383 manus
903 3311 982 3383 oleo
1005 3323 1140 3384 sacrato
1167 3315 1202 3383 in
1228 3316 1370 3385 nomine
1393 3310 1491 3382 Patris

191 3455 395 3465 ——----.

189 3542 270 3582 auree
281 3529 407 3599 corporis
422 3526 460 3581 tui
475 3536 503 3583 et
517 3544 567 3599 per
580 3529 628 3585 lias
643 3530 777 3587 terestres
789 3531 906 3602 recipies
921 3531 1038 3587 auditum
1052 3532 1159 3603 gratiae
1173 3532 1347 3590 remissionis
1363 3526 1493 3588 curiad'n
1512 3498 1515 3503 Ι

188 3612 269 3667 ritem
280 3612 449 3667 aeternum.“

252 3692 282 3768 l)
298 3695 356 3755 liat.
369 3694 471 3750 l'lteod.
483 3694 556 3750 Rem.
569 3712 671 3765 „nares
687 3697 712 3752 iu
728 3698 879 3753 summitate
894 3703 921 3752 et
934 3698 1028 3753 subtus
1040 3707 1174 3770 ungamur
1185 3700 1276 3757 erucis
1290 3686 1407 3759 modest*

144 3784 149 3793 '
248 3774 280 3850 3)
295 3779 354 3835 liet.
368 3778 471 3836 Thecd.
484 3779 557 3835 Rem.
570 3781 830 3849 „emmimcrucem
842 3788 1049 3853 supercreatum
1062 3784 1368 3856 etgutturlaciendo.“
1389 3786 1425 3842 tt
1434 3796 1495 3840 rere

187 3862 256 3932 apud
269 3862 370 3919 Theod.
385 3863 433 3919 Til.
450 3870 478 3918 ct
491 3862 533 3921 El.
550 3863 641 3918 unctio
656 3864 683 3919 iu
699 3866 773 3923 collo
788 3872 815 3921 et
827 3872 935 3934 gutture
948 3865 1056 3922 diversu
1072 3876 1116 3925 est
1126 3869 1159 3924 ab
1171 3868 1302 3925 unctione
1313 3870 1456 3925 labiorum
1473 3894 1477 3899 ·

245 3939 277 4018 3)
292 3945 418 4003 Occurrit
432 3946 546 4002 Oretio
537 3963 564 4001 m
578 3946 620 4001 El.
637 3962 670 4002 eo
680 3948 753 4009 Rem.
755 3948 825 4019 ,sed
837 3949 874 4005 ibi
886 3950 1059 4022 misequitur
1073 3959 1157 4009 totum
1170 3953 1327 4009 unctionum
1339 3956 1440 4023 scriem
1451 3966 1493 4008 ne·

188 4041 240 4094 que
259 4032 379 4098 pertinet
394 4029 428 4085 ad
445 4029 599 4087 unctionem
612 4032 738 4102 gutturis.
763 4034 872 4103 ignorat
883 4033 925 4089 ΕΙ.
941 4035 1051 4091 οιιιιιίιιο
1056 4036 1189 4111 proprios
1201 4037 1355 4093 formulas'
1347 4056 1375 4095 m
1388 4036 1494 4109 siugulis

187 4110 312 4166 membris
324 4113 506 4183 ungendis..

248 4187 386 4265 4)lnbeut
399 4196 440 4251 El.
457 4196 515 4251 liet.
529 4196 651 4252 Tlreod.
643 4198 754 4267 rauuugi
770 4207 873 4270 pectus,
888 4209 962 4259 vetat
976 4203 1050 4260 llem

247 4274 274 4341 5)
291 4277 402 4350 Propria
416 4295 478 4335 esse
489 4278 596 4336 videtur
606 4281 674 4336 hece
685 4281 778 4337 unctio
794 4283 889 4340 (ludici
903 4284 1016 4343 liliano.

249 4356 362 4430 6).·lll,
364 4361 613 4456 ‚interscapulaa“
646 4365 719 4419 liem.
734 4366 821 4434 „iteca
836 4384 918 4439 super
933 4369 1152 4441 hunerondum,
1167 4372 1223 4426 laec
1237 4378 1281 4428 est
1294 4372 1433 4445 scapulas,
1446 4383 1489 4427 ror

187 4435 214 4489 in
228 4446 342 4507 pectore
354 4458 442 4513 neque
453 4443 525 4500 iuter
536 4446 692 4519 scapulas.“
718 4448 819 4506 Theou.
832 4451 965 4522 „primun
977 4453 1185 4527 interecepulm
1196 4469 1323 4525 nagnam
1333 4472 1442 4514 eruceri
1452 4468 1489 4510 ur

187 4534 239 4589 que
250 4520 284 4574 ad
295 4524 427 4580 collumc‘
456 4526 562 4583 ltatcldi
575 4530 688 4585 formul·
701 4530 765 4588 iacit
775 4548 834 4588 eum
846 4533 959 4596 'lilledo
