3046 4942
723 292 800 365 320

101 485 214 580 plaga.
261 480 395 551 Nomen
412 478 480 549 Dei
500 476 610 551 Patris
631 489 665 548 et
684 477 762 549 Filii
784 487 819 549 et
841 475 988 571 Spiritus
1009 472 1127 548 Sancti
1145 484 1252 570 atque
1273 477 1401 546 omniun

104 585 308 658 Sanctorum
334 583 378 654 sit
399 583 569 672 signatum
592 602 696 674 super
716 590 760 650 te.
800 577 923 649 Amen.
983 605 984 608 ¹

205 679 346 773 Bene†
363 682 452 753 dicat
469 693 503 753 te
517 681 613 752 Deus
630 681 731 752 Pater
749 684 806 775 qui
822 683 857 750 in
872 681 1039 775 principio
1056 678 1168 750 verbo
1188 687 1314 750 cuncta
1326 699 1403 750 crea

104 789 170 868 vit3
190 786 279 857 benc
292 782 324 873 ι
338 785 429 855 dicat
449 783 596 855 teDeus
612 782 732 870 nnius,
752 783 919 853 illuminet
938 791 972 852 te
988 780 1135 875 Spiritus
1153 779 1325 853 Sanctus:
1344 802 1404 853 cor-

102 912 167 984 pus
187 898 281 958 tuum
299 883 487 973 custodiat,
514 887 658 956 animam
683 894 776 956 luam
802 884 926 972 salvet,
953 905 1016 954 cor
1041 892 1136 954 tuum
1160 883 1318 972 irradiet,
1342 905 1405 955 seu·

104 999 292 1063 sumtuum
315 987 439 1078 dirigat
461 996 495 1057 et
515 987 559 1057 ad
584 1008 767 1082 supernam
787 988 892 1057 vitam
913 984 1086 1080 perducat
1130 985 1303 1056 Dominus
1328 984 1405 1058 lesus

106 1090 259 1163 Christus
282 1089 372 1184 apud
393 1097 428 1159 te
449 1091 492 1160 sit
515 1099 552 1160 ut
571 1087 733 1160 defendat
754 1098 809 1175 tc,
830 1091 917 1158 intra
940 1096 974 1157 tc
996 1089 1052 1172 sit
1073 1095 1111 1157 ut
1132 1096 1168 1157 te
1190 1085 1335 1174 reliciat,
1354 1089 1405 1157 clr-

105 1213 183 1264 cnm
208 1201 243 1263 te
266 1194 310 1263 sit
334 1200 370 1262 ut
392 1199 426 1261 tc
446 1189 604 1279 deducat,
630 1199 710 1285 post
735 1200 770 1262 te
797 1192 840 1261 sit
862 1198 898 1260 ut
917 1197 952 1259 te
973 1187 1157 1272 custodiat,
1178 1210 1245 1284 pro
1268 1197 1303 1258 te
1322 1190 1361 1261 sit
1377 1197 1406 1258 ιι

104 1316 169 1390 pro
195 1303 229 1365 te
256 1290 458 1378 intercedat,
484 1295 723 1387 superomnia
745 1294 843 1363 sitin
864 1301 912 1376 te,
934 1299 971 1361 ut
994 1299 1029 1361 te
1049 1288 1243 1361 benedicat.
1287 1288 1348 1360 cni
1363 1298 1405 1361 ast

107 1396 218 1467 honor
240 1405 275 1465 et
294 1393 405 1485 gloria
427 1393 622 1466 insaecula
644 1393 871 1465 sacculorum.
909 1397 952 1482 Pp.
975 1391 1098 1463 Amen
1132 1390 1284 1462 Domine
1298 1390 1406 1463 exaudi

106 1500 296 1570 orationem
317 1504 436 1566 meam.
478 1502 522 1586 Pp.
545 1495 590 1567 Et
608 1496 739 1566 clamor
758 1517 855 1567 meus
877 1494 921 1564 ad
942 1504 977 1565 tc
996 1496 1123 1565 veniat
1169 1491 1337 1564 Dominus
1355 1514 1405 1564 ro·

106 1600 247 1671 blscum.
296 1601 339 1688 lb.
367 1595 411 1669 Et
435 1619 512 1669 cum
534 1600 653 1693 spiritu
678 1608 748 1669 tuo.

213 1698 369 1772 Oramus.
412 1692 636 1795 Omnipotens
657 1698 960 1795 sempiterneDcus
984 1697 1042 1791 qui
1059 1695 1225 1770 subvenis
1245 1697 1404 1791 inpacta

107 1805 150 1875 tis
169 1813 205 1874 et
224 1804 431 1873 necessitate
451 1801 704 1889 laborantibus,
734 1803 947 1873 maiestatem
964 1809 1057 1870 tuam
1078 1798 1283 1893 suppliciter
1298 1817 1407 1867 exora

107 1927 196 1993 mus,
215 1915 253 1974 ut
273 1905 408 1974 mittere
431 1902 582 1995 digneris
603 1914 757 1976 sanctum
778 1903 940 1995 angelum
958 1912 1052 1971 tuum
1071 1903 1129 1994 qui
1148 1899 1242 1970 bunc
1261 1897 1406 1969 famulum

107 2018 202 2079 tuum
232 2001 409 2098 (famulam
437 2011 543 2087 tuam)
571 2006 607 2074 iu
639 2007 804 2096 angustiis
829 2014 865 2074 et
891 2001 1166 2074 tribulationibus
1195 2001 1408 2084 laborantem,

108 2103 401 2178 consolationibus
414 2104 559 2195 attollat,
580 2104 700 2197 quibus
715 2115 749 2175 et
764 2104 808 2175 do
821 2107 995 2199 praesenti
1008 2106 1217 2176 necessitate
1232 2124 1408 2197 consequa·

107 2218 163 2278 tur
186 2204 351 2275 auxilium
372 2213 407 2274 et
427 2214 568 2275 aeterna
593 2204 747 2276 remedia
765 2206 1040 2301 comprehendat.
1089 2204 1158 2277 Per
1176 2204 1368 2276 Dominum

208 2314 261 2377 llis
282 2314 372 2376 linitis
391 2314 538 2376 Sacerdos
558 2313 683 2397 accipiat
695 2318 724 2378 in
739 2334 852 2377 menum
866 2319 984 2396 rignum
999 2318 1095 2378 crucia
1112 2316 1191 2397 qnod
1207 2317 1325 2378 infirmo
1338 2331 1410 2396 prro

109 2420 177 2482 beat
193 2416 394 2493 osculandum,
408 2418 553 2498 simulque
570 2418 651 2479 illum
666 2427 784 2480 moneat
797 2428 829 2480 ut
844 2420 1008 2480 meminerit
1022 2418 1154 2480 morbum
1168 2427 1200 2479 et
1212 2417 1347 2481 dolorem
1360 2433 1412 2478 cn·

51 2533 58 2554 ·
108 2541 176 2583 nem
196 2519 363 2582 Christiano
381 2521 530 2599 patienter
547 2520 701 2582 ferendum
721 2530 752 2581 et
764 2522 794 2581 in
809 2538 896 2600 cruce
909 2523 974 2601 ipsa
989 2520 1173 2597 gloriandum
1187 2538 1275 2599 essa,
1294 2518 1412 2581 admor·

84 2676 89 2689 .
108 2633 168 2685 tem
188 2638 375 2701 veronaque
395 2639 449 2699 pro
470 2621 527 2682 lide
547 2631 577 2682 st
594 2624 706 2703 pietate
725 2622 844 2683 fortiter
865 2622 1034 2683 certandum
1055 2631 1085 2683 et
1104 2621 1220 2684 demum
1240 2624 1270 2684 in
1283 2638 1413 2702 supremo

109 2725 203 2787 morbi
223 2740 321 2801 agone
342 2725 424 2783 iuxta
438 2722 547 2784 Christi
566 2726 720 2785 morientis
741 2723 907 2804 exemplum
922 2727 1045 2786 teumnti
1060 2725 1188 2786 Satanae
1200 2724 1296 2785 lecum
1309 2722 1415 2783 uallum

108 2822 350 2904 relinquendum,
371 2823 423 2884 sed
443 2825 498 2884 Dei
519 2825 662 2887 voluntati
682 2824 861 2912 parendum,
887 2824 1056 2907 Christique
1070 2827 1183 2886 meritis
1195 2823 1414 2887 lnbeudnmet

107 2927 145 2990 ad
165 2928 328 2989 coelestem
346 2927 469 3005 patriam
491 2925 617 2988 tidenter
636 2927 828 2989 anhelandum
850 2946 928 2989 esse.
968 2927 1040 2988 'l’nm
1057 2927 1377 2991 admoneatadatautes
1390 2934 1413 2984 ιι

107 3048 163 3112 pro
187 3031 305 3106 aegroti
322 3028 418 3089 salute
432 3046 585 3090 commune
600 3039 712 3108 patrem
725 3038 835 3107 rogent
848 3037 879 3092 et
891 3031 918 3090 sl
932 3030 1115 3091 moriendum
1130 3030 1187 3106 ιῑι,
1213 3038 1301 3090 recta
1313 3030 1413 3109 pieque

108 3131 254 3196 moriendi
273 3133 396 3206 gratiam
416 3131 459 3191 illi
483 3140 659 3209 precentur,
677 3133 851 3192 morientem
872 3149 945 3192 vero
965 3149 1089 3211 prorsus
1111 3148 1170 3192 aaa
1190 3132 1292 3192 sinant
1304 3130 1410 3191 destitui

108 3234 254 3294 bonorum
275 3249 368 3311 opera
390 3243 421 3293 el
439 3232 588 3312 frequenti
610 3232 832 3311 adhortatione,
854 3233 950 3294 donec
971 3232 1086 3294 tandem
1107 3233 1264 3294 morientia
1277 3234 1371 3294 anima
1384 3227 1411 3291 ad

107 3352 192 3394 suum
213 3332 316 3393 redeat
338 3344 513 3396 creatorem.
547 3335 702 3396 Postremo
721 3343 841 3415 accepta
859 3353 933 3415 aqua
947 3335 1104 3396 benedicta
1121 3335 1218 3415 primo
1233 3335 1410 3396 inlirranuael

107 3435 184 3496 alios
198 3433 303 3495 deinde
317 3453 420 3498 omnes
434 3435 581 3497 Sacerdos
594 3453 759 3516 aspergens
776 3437 814 3498 ita
829 3435 921 3498 dicat:
935 3425 1135 3498 Benedictio
1149 3426 1217 3498 Dei
1230 3430 1340 3524 patris
1352 3447 1408 3498 om·

106 3528 291 3623 uipotentis
315 3526 393 3599 Filii
422 3539 457 3599 et
480 3527 625 3623 Spiritus
648 3528 765 3602 Sancti
795 3527 982 3601 descendat
1010 3549 1203 3624 supervos
1233 3538 1270 3600 et
1289 3534 1408 3600 mansa

106 3651 252 3725 semper.
281 3628 403 3700 Amen,
448 3637 519 3700 Cum
541 3643 579 3700 ita
599 3640 747 3701 lollrmum
761 3639 826 3700 Deo
847 3638 1097 3701 commendaverit
1117 3648 1245 3718 accepto
1269 3643 1300 3701 in
1324 3652 1407 3700 maru

107 3758 165 3801 nno
182 3741 232 3802 rel
246 3748 373 3823 utroque
387 3742 590 3821 sacramanto,
604 3760 622 3802 e
637 3742 724 3803 domo
741 3750 828 3802 exeat
842 3750 872 3802 et
886 3744 1018 3819 graviter
1031 3740 1173 3803 lncsdens
1184 3743 1216 3803 in
1226 3743 1407 3824 templana

105 3852 248 3904 vertatur.
257 3829 288 3931 ¹)
722 3859 728 3870 ’

654 3976 863 3991 0¹*-

111 4156 321 4167 m

169 4226 197 4299 l)
219 4229 334 4297 Agenda
356 4227 431 4295 tlog.
453 4225 531 4278 lats.
563 4225 628 4281 Post
642 4225 803 4283 llnodonanr
818 4227 931 4283 oratic:
951 4227 1066 4299 Respice
1078 4224 1191 4283 Domine
1213 4224 1354 4299 propitius
1366 4229 1407 4282 ota

104 4311 209 4366 lleinde
224 4312 382 4368 benedictio
402 4309 498 4365 datan:
519 4309 648 4366 Dominus
662 4311 738 4366 lesus
752 4311 824 4382 apud
837 4319 865 4367 te
879 4312 916 4367 sit
929 4318 982 4371 etc.
1010 4311 1075 4367 Post
1087 4311 1156 4367 hacc
1170 4310 1312 4368 Sacerdos
1325 4306 1407 4379 laad·

104 4408 166 4448 nem
183 4396 310 4453 crncifixi
330 4396 437 4451 inflrmo
462 4396 592 4452 ostendat
609 4400 638 4449 ct
657 4410 718 4449 enm
737 4394 772 4452 ad
790 4395 965 4453 devotionem
984 4403 1123 4468 moreest
1133 4396 1307 4469 ἰιιιιιιιιιιιιι
1324 4395 1406 4456 md

105 4474 206 4533 chrisa
219 4480 376 4536 Passionem
389 4479 419 4533 in
431 4487 520 4537 mente
534 4496 582 4536 sna
594 4478 721 4539 retineat.
750 4480 870 4537 Tandem
883 4480 1038 4552 interrogat
1052 4478 1204 4537 lullmum:
1219 4479 1320 4540 creda
1334 4475 1406 4542 wll

106 4568 256 4633 quaesunt
277 4562 341 4618 ltdei
356 4561 550 4620 Christianae?
573 4558 617 4642 lp.
629 4563 728 4623 oredo.
751 4562 1269 4625 Gaudestemoriinfldsstristianai
1293 4561 1405 4648 Psan-
