3046 4942
780 275 857 349 414
937 269 939 272 ’

167 488 283 565 amor,
310 456 405 537 Deus
433 460 481 535 ibi
508 470 569 536 est.
609 468 652 537 v.
676 457 785 536 Simul
805 482 943 558 quoque
964 480 1041 533 cunr
1065 457 1175 535 beatis
1199 455 1388 532 videamus.
1425 462 1461 531 lt.

169 558 363 641 Glorianter
384 563 516 636 vultum
536 574 642 655 tuum,
666 562 800 639 Christe
821 565 927 639 Deus.
970 569 1014 636 nt,
1038 559 1204 635 Gaudium
1226 560 1322 657 quod
1341 569 1393 634 est
1410 561 1462 631 im

167 689 334 759 mensum,
353 676 454 763 atque
470 666 629 763 probum·
654 674 696 741 n,
713 667 862 741 Saecula
878 688 941 762 per
958 663 1083 737 infinita
1099 665 1327 738 saeculorum
1346 662 1462 735 Amen.

183 838 195 861 .,
230 860 232 865 ,
251 838 254 843 .
269 779 341 843 Post
353 779 496 845 lotionem
518 779 680 860 Superior,
700 779 750 841 vel
771 781 820 861 qui
834 779 899 841 aliis
912 777 1003 840 abluit
1016 776 1124 859 pedes,
1145 776 1224 839 lavat
1238 794 1356 852 manus,
1371 784 1400 836 et
1415 774 1463 836 ab

166 884 276 969 atergit
287 882 346 949 alio
359 881 465 960 linteo,
478 880 586 945 deiude
600 881 718 944 rediens
732 882 768 944 ud
779 883 887 959 locum,
903 881 952 942 ubi
965 879 1163 962 priusluerat,
1174 880 1286 960 accipit
1295 877 1423 960 pluviale,
1434 885 1464 937 et

166 995 247 1049 etrus
261 987 358 1069 capite
372 983 491 1046 detecto
506 983 589 1047 dicit:
606 973 709 1048 Pater
724 985 844 1051 noster
861 992 918 1047 etc.
949 972 994 1046 Et
1009 996 1054 1045 ne
1070 995 1134 1046 nos
1151 972 1306 1047 inducas.
1340 975 1381 1062 lle
1400 968 1464 1041 Sed

165 1070 283 1153 libera.
324 1077 378 1169 Tu
396 1077 561 1150 mandasti
578 1077 734 1151 mandata
752 1087 808 1151 tua
830 1077 984 1151 Domine.
1023 1080 1065 1168 lle.
1087 1072 1259 1149 Custodiri
1276 1075 1386 1146 nimis.
1420 1070 1466 1143 Tu

166 1181 292 1255 lavasti
312 1178 418 1277 pedes
440 1179 682 1277 discipulorum
703 1191 846 1254 tuorum.
894 1183 936 1270 ll.
961 1176 1083 1274 Opera,
1096 1199 1256 1250 manuum
1277 1187 1409 1248 tuarum
1428 1195 1467 1245 ue

166 1283 344 1381 despicias.
385 1281 532 1355 Domine
555 1282 688 1355 exaudi.
730 1287 774 1376 lp.
797 1281 842 1355 Et
867 1281 996 1355 clamor
1017 1302 1123 1354 meus.
1168 1279 1339 1353 Dominus
1361 1275 1466 1350 volu

168 1407 254 1459 cum.
301 1389 344 1477 lp.
372 1382 418 1456 Et
439 1406 525 1456 oum.
579 1386 725 1459 Orcum
769 1385 902 1460 Adesto
929 1384 1075 1456 Domine
1102 1403 1312 1477 quaesumus
1334 1381 1464 1454 servitio

167 1489 342 1561 servitutis
367 1495 519 1575 nostrae,
546 1498 581 1560 et
606 1490 684 1584 quie
704 1497 741 1560 tu
762 1487 942 1586 discipulis>
957 1491 1023 1560 tuis
1044 1484 1152 1581 pedes
1174 1485 1297 1557 lavare
1319 1483 1465 1577 dignutus

167 1610 220 1675 es,
240 1610 285 1667 ne
308 1589 475 1685 despicias
493 1610 599 1685 opera
620 1613 778 1684 manuum
798 1600 944 1678 tuarum,
964 1610 1052 1684 quae
1070 1587 1169 1661 uobis
1188 1584 1369 1659 retinenda
1386 1605 1466 1655 man-

167 1690 276 1778 dasti,
309 1701 346 1763 ut
370 1693 459 1766 sicut
484 1688 539 1763 bic
563 1692 662 1766 nobis
688 1703 723 1765 et
749 1716 769 1764 a
794 1692 893 1766 uobis
919 1692 1092 1764 exteriora
1115 1688 1300 1763 abluuntur
1324 1689 1466 1782 inquina-

165 1805 297 1866 mentac
317 1796 368 1868 sic
387 1815 406 1864 a
427 1803 462 1865 te
482 1797 631 1867 omnium
650 1806 804 1870 nostrum
824 1797 986 1867 interiora
1005 1793 1164 1865 laventur
1180 1802 1334 1890 peccata.
1377 1787 1465 1874 Quod

164 1898 239 1993 ipse
260 1904 438 1993 praestare
460 1895 624 1990 digneris,
650 1901 707 1993 qui
729 1901 820 1973 vivis
847 1907 881 1970 et
906 1918 1032 1990 regnas
1053 1894 1150 1971 Deus
1175 1895 1375 1992 peremnia
1399 1912 1464 1965 sac·

99 2062 101 2067 .
165 1997 243 2071 cula
265 1998 489 2072 saeculorum.
507 2014 510 2020 '
527 2003 570 2090 lp.
597 1999 719 2072 Amen.
727 1996 758 2098 1)

715 2212 928 2221 ..n-*-

245 2399 349 2477 vlll.
377 2403 595 2481 OFFICIUM
620 2406 793 2485 FERIAE
819 2407 1005 2485 SEXTAE
1031 2405 1080 2482 IN
1105 2399 1393 2527 Prnuscnvn'.

552 2544 616 2617 Ex
639 2543 811 2620 Missali
837 2540 1083 2644 Roman0,¹)

252 2686 348 2751 Finita
362 2690 593 2753 nouaSacerdos
607 2701 637 2753 et
650 2693 773 2753 ministri
788 2691 880 2754 indntl
892 2692 1068 2772 paramentis
1077 2691 1154 2770 nigri
1162 2690 1274 2755 eoloris
1283 2690 1462 2755 siueluuiua·

168 2788 249 2851 ribus
265 2798 295 2850 et
308 2792 428 2851 incenso
443 2791 606 2873 procedunt
619 2793 654 2855 ad
668 2792 772 2873 altare,
788 2804 817 2856 et
825 2803 893 2856 aute
902 2793 1119 2876 illudprostrati
1128 2793 1307 2876 aliquamdiu
1317 2803 1408 2859 orout
1424 2790 1463 2852 lu·

166 2892 252 2954 terim
264 2890 403 2969 'llcolythi
417 2912 502 2956 uuam
517 2894 1169 2978 tantumtobuleamextendunteuperdltare.
1198 2894 1467 2960 Sacerdoscunui·

165 2995 266 3056 ulstrls
280 2994 356 3057 lacta
371 2998 505 3059 oratione
519 2997 653 3060 ascendit
668 2996 704 3060 ad
714 3001 805 3061 altare
817 3009 847 3061 et
858 2999 1086 3062 osculaturillud
1096 3001 1125 3060 in
1136 3000 1245 3078 medio,
1255 2999 1469 3063 deiudebcctor

166 3096 281 3160 accedit
296 3098 332 3159 ad
346 3098 501 3179 legendum
513 3101 700 3183 Prophetiam
717 3104 746 3166 in
761 3102 828 3165 loco
843 3101 1010 3181 ubilegitur
1023 3101 1157 3183 Epistola
1172 3112 1202 3164 et
1216 3104 1324 3184 incipit
1338 3122 1402 3165 eam
1413 3102 1471 3164 uiue

166 3199 263 3278 tilulo,
279 3216 363 3282 quam
379 3204 464 3265 etiam
479 3203 625 3266 Sacerdos
638 3203 865 3284 legitsubmiesa
879 3223 956 3267 voce
968 3204 1044 3287 apud
1058 3205 1151 3267 altare
1167 3207 1196 3267 iu
1208 3203 1470 3287 corqupistolue:

168 3287 276 3385 (Osee
297 3291 368 3386 vl,
396 3296 521 3394 1-6)
549 3296 644 3369 llaec
670 3298 750 3371 dicit
770 3297 954 3372 Dominus:
981 3296 1020 3369 ln
1046 3297 1264 3371 tribulatione
1290 3323 1357 3374 sua
1382 3319 1473 3372 mune

167 3394 353 3490 consurget
385 3407 420 3470 et
448 3421 503 3471 me
532 3418 586 3474 etc.
638 3400 795 3475 Tractus:
827 3402 973 3474 Domine
1001 3400 1117 3473 audivi
1147 3401 1298 3474 auditum
1324 3412 1418 3475 tuum
1443 3409 1475 3474 et

166 3496 277 3569 timui:
300 3499 518 3573 consideravi
539 3512 720 3598 operatua
743 3514 778 3576 et
803 3505 938 3602 expavi
979 3508 1022 3577 v.
1044 3500 1083 3573 ln
1104 3503 1216 3576 medio
1241 3503 1390 3578 duorum
1408 3505 1474 3576 ani·

57 3670 59 3674 Α
167 3598 305 3707 melium
325 3605 563 3693 innotesceris,
584 3603 663 3675 dum
681 3606 1009 3705 appopinquaverint
1027 3607 1118 3696 anni,
1140 3611 1379 3701 cognosceris,
1399 3605 1472 3679 dum

176 3742 378 3757 ——.-—q..

239 3799 269 3878 l)
283 3804 432 3865 Admodum
448 3808 573 3867 diuersae
587 3816 647 3866 eunt
660 3810 738 3869 huius
755 3809 898 3870 laudabilis
910 3810 1113 3869 consuetudinis
1123 3810 1194 3885 apud
1205 3810 1337 3872 diversos
1346 3810 1476 3871 caerimo-

168 3885 237 3945 niue.
273 3890 431 3964 Plerumque
450 3892 552 3967 excipit
571 3894 700 3952 lotionem
723 3897 820 3969 pedum
831 3894 945 3968 'coeua‚
967 3896 1133 3970 pauperibus
1155 3894 1318 3955 ministrata.
1350 3897 1385 3957 ut
1397 3914 1476 3955 nunu

170 3974 322 4046 exemplum
341 3975 469 4047 effertur,
490 3980 522 4036 ad
542 3997 634 4038 munus
648 3988 691 4038 est
705 3975 884 4052 „lleuroriulc
898 3981 1002 4039 niuuu
1018 3981 1128 4038 llaioris
1142 3980 1344 4041 llcbdomodue
1358 3982 1393 4041 ud
1405 3998 1477 4040 mu

168 4055 458 4119 &beneventanensis
479 4065 613 4123 ecclesiae
629 4067 728 4123 beroae
750 4067 849 4129 llbbf‘
890 4066 932 4123 llx
953 4067 1033 4124 buius
1053 4064 1116 4123 libri
1137 4081 1232 4124 norme
1247 4067 1477 4149 Arcbiepiecopus

169 4141 327 4225 genuflexus
348 4163 430 4218 super
451 4146 584 4219 puluinari
598 4153 670 4209 lauat
685 4153 770 4224 tergit
784 4159 812 4209 et
826 4153 964 4210 osculetur
976 4151 1062 4225 pedes
1076 4152 1208 4209 dexteros
1221 4154 1402 4212 tredecim
1416 4170 1476 4229 puu-

172 4239 274 4295 perum.
301 4228 406 4286 Deinde
424 4231 562 4291 benedicit
582 4251 699 4292 mensum
718 4245 748 4294 ut
761 4238 787 4294 iu
801 4237 941 4294 Breviurio
956 4238 1008 4293 bac
1023 4236 1068 4293 die
1081 4243 1109 4293 et
1123 4236 1257 4295 ministrat
1270 4241 1439 4315 pauperibus
1453 4243 1476 4295 cl

173 4305 233 4364 duro
252 4320 381 4370 coenatur
394 4315 536 4374 habebitur
548 4334 638 4375 sermo
653 4338 703 4392 per
718 4338 797 4378 uuum
811 4337 846 4376 ex
860 4320 974 4379 Clericie
988 4320 1140 4383 seminarii.

224 4392 257 4465 2)
276 4395 412 4455 Binterlmi
429 4401 542 4461 Denkw.
558 4403 607 4474 V.,
624 4406 649 4463 l.
671 4422 697 4477 p.
714 4407 765 4459 ²⁰5
786 4404 856 4476 „Die
871 4405 970 4463 llirebe
992 4407 1073 4464 leiurt
1092 4406 1187 4464 diesen
1200 4408 1260 4480 ‘lep
1274 4409 1318 4467 als
1336 4409 1417 4466 einen
1431 4407 1473 4464 der

77 4504 86 4521 =
169 4477 388 4546 vondglichotcu
411 4482 460 4541 doe
480 4480 585 4555 genuen
599 4488 692 4547 lubreu
714 4491 787 4547 uiclrt
806 4489 890 4547 durclr
908 4491 1255 4566 cornuumaueniens,
1272 4490 1473 4553 eouderuviel·

170 4559 245 4616 mehr
259 4559 344 4619 durclr
359 4567 550 4637 gtnuliclre
563 4571 785 4647 llurstaltung
799 4574 986 4638 desselben.“'
1291 4590 1298 4604 '
