3046 4942
789 302 870 374 280.

44 506 55 531 ’
169 498 293 582 pedibus
314 505 343 556 ct
368 493 496 555 vultibus
519 491 555 553 ad
582 501 689 553 terram
715 493 865 570 demissis,
886 511 1009 573 qnorum
1023 494 1140 554 nomina
1158 492 1249 554 scribi
1263 490 1387 553 debent:
1407 494 1469 555 acci·

167 604 285 683 pientes
299 598 511 678 poenitentiam
524 596 605 655 iuxta
619 594 736 656 modum
750 596 854 677 culpae
869 595 904 655 ab
919 593 1062 676 Episcopi
1073 596 1321 673 Poenitentiario,
1337 604 1367 656 et
1381 604 1471 676 postet

169 721 271 766 omnes
286 702 457 763 emittuntur
471 707 501 759 et
514 707 632 758 manent
646 707 713 758 ante
728 698 810 759 iores
828 696 985 758 ecclesiae.

272 834 317 847 —-
341 835 378 861 -,
394 800 533 862 Pontifex
548 798 697 860 benedicit
715 809 744 860 et
758 802 882 879 imponit
897 801 1023 860 cineres.
1050 796 1161 873 Quibus
1176 802 1307 879 peractis
1324 818 1388 860 eum
1401 801 1472 860 mini·

167 909 256 985 stris,
275 904 378 966 schola
392 912 422 963 et
435 911 500 963 toto
520 900 618 976 clero,
633 919 732 977 cruce,
747 920 822 981 aqua
838 900 992 962 benedicta
1007 909 1037 960 et
1055 898 1170 961 duobus
1189 904 1288 963 cereis
1304 902 1473 982 praecedes

166 1009 257 1085 tibus,
271 1005 424 1084 egreditur
438 1003 558 1064 chorum
573 1004 651 1064 circa
665 1003 790 1065 medinm
806 1003 962 1081 ecclesiae,
976 1001 1026 1062 ubi
1041 1011 1140 1082 parata
1154 1004 1193 1062 sit
1205 1004 1306 1074 sedes.
1332 1002 1473 1065 TuncGle

168 1130 218 1172 rus
234 1108 374 1169 dividitur
386 1124 442 1185 per
459 1105 533 1166 duos
547 1104 670 1181 choros,
687 1105 755 1165 binc
772 1106 964 1166 inderemus
983 1103 1084 1165 valvas
1096 1104 1253 1167 ecclesiae.
1292 1105 1473 1167 Poenitcntrt

167 1229 241 1272 rero
258 1228 360 1271 omnes
375 1208 504 1285 ingressi
518 1215 710 1286 prosternunt
727 1225 761 1268 se
774 1225 838 1268 cum
852 1205 980 1268 lacrimis
994 1207 1025 1267 in
1040 1206 1187 1267 ecclesiae
1202 1210 1373 1286 pavimento
1387 1226 1472 1269 cotan

166 1313 313 1375 Pontidce
332 1312 409 1370 iuter
432 1318 588 1388 utromque
609 1308 739 1369 oliorum.
782 1308 863 1369 Tunc
883 1308 914 1372 Ρ.
936 1308 1044 1369 sedens
1066 1308 1114 1368 uel
1136 1308 1386 1389 Arobipresbyter
1400 1319 1472 1370 stam

167 1415 293 1495 imponit
323 1413 439 1472 cineres
467 1428 559 1490 snper
582 1411 677 1490 capita
700 1410 885 1487 singulorum
907 1410 1026 1471 dicens:
1061 1399 1235 1472 Memento
1270 1402 1373 1474 homo
1402 1404 1472 1495 quia

167 1506 281 1603 pulvis
310 1526 347 1575 es
375 1513 409 1573 et
430 1507 466 1572 in
491 1502 670 1599 pulverem
693 1507 900 1575 reverteris:
935 1526 1001 1595 age
1024 1505 1267 1597 poenitentiam
1295 1515 1333 1576 ut
1358 1503 1471 1575 babeas

166 1612 271 1681 vitam
294 1615 477 1675 aeternam.
532 1613 569 1674 Et
583 1633 656 1675 nnus
672 1634 709 1675 ex
724 1614 881 1676 Canoniois
898 1617 1031 1694 aspergit
1045 1631 1098 1675 eos
1111 1633 1187 1694 aqua
1200 1615 1370 1677 benedicta.

269 1718 377 1777 Postea
399 1717 429 1777 P.
453 1726 533 1777 stans
554 1716 705 1778 benedicit
726 1718 831 1777 cilicia.
872 1707 1090 1778 Adiutorium
1116 1717 1270 1778 nostrum
1292 1710 1329 1778 in
1347 1711 1469 1778 nomine

166 1811 313 1882 Domini.
360 1814 402 1899 lb.
450 1805 515 1892 Qui
538 1807 619 1879 lecit
642 1810 778 1880 coelum
801 1818 836 1879 et
855 1819 990 1879 terram.
1044 1808 1191 1879 Domine
1211 1810 1341 1880 exandi
1359 1811 1467 1881 oratio

165 1934 245 1985 nem
264 1933 384 1982 meam.
437 1916 480 2001 ip.
523 1909 568 1979 Et
591 1910 721 1978 clamor
746 1932 843 1982 meus
868 1910 913 1980 ad
939 1921 973 1981 te
999 1913 1125 1981 veniat.
1178 1910 1348 1984 Dominus
1370 1909 1467 1982 vobis

167 2033 254 2083 cum.
296 2014 339 2098 ip.
380 2005 521 2077 Etcum
543 2008 751 2100 spiritutuo.
793 2011 947 2086 Oremus.
986 2011 1208 2108 Omnipotens
1232 2025 1265 2084 et
1287 2015 1467 2086 misericors

166 2113 276 2199 Deus,
296 2111 354 2204 qui
369 2106 610 2204 peccatoribus
627 2109 762 2201 pietatis
780 2118 859 2180 tuae
875 2112 1144 2185 misericordiam
1162 2114 1403 2211 quaerentibus
1416 2113 1465 2185 boc

166 2214 363 2285 indumento
382 2210 516 2281 vestitis
535 2208 806 2280 misericordiam
824 2219 916 2280 tuam
934 2219 968 2281 et
985 2217 1122 2282 veniam
1139 2217 1307 2286 tribuisti:
1325 2216 1464 2288 obsecra·

166 2338 242 2388 mus
270 2313 485 2384 clementium
507 2319 620 2399 tuam,
652 2320 689 2382 ut
709 2311 776 2383 hoc
802 2309 1034 2383 indumentum
1057 2314 1149 2407 quod
1170 2328 1318 2388 vocatur
1338 2318 1463 2388 cilicium

166 2412 295 2506 berlei
308 2415 423 2486 dicere
446 2423 480 2484 et
506 2409 764 2505 sanctiilicare
785 2413 958 2506 digneris:
980 2425 1016 2486 ut
1037 2418 1231 2511 quicunque
1252 2441 1296 2490 eo
1319 2441 1381 2515 pro
1401 2436 1462 2513 pec

168 2522 253 2590 catis
274 2520 346 2591 suis
369 2516 505 2589 indutus
527 2515 648 2605 luerit,
680 2526 715 2587 et
735 2516 1005 2590 misericordiam
1028 2526 1119 2588 tuam
1140 2520 1393 2614 imploraverit,
1418 2537 1462 2588 ue
1511 2540 1513 2545 ·

167 2623 257 2690 niam
281 2629 315 2688 et
336 2617 580 2708 indulgentiam
599 2627 678 2688 tuae
696 2628 835 2691 sanctae
854 2617 1112 2691 misericordiae
1132 2632 1370 2718 consequutus.
1401 2620 1462 2690 Per.

168 2731 375 2808 aspergantur
393 2745 467 2805 aqua
485 2726 651 2788 benedicta.

271 2827 440 2888 benedictis
463 2827 567 2907 ciliciis
581 2828 614 2889 P.
638 2830 733 2909 capita
746 2847 847 2890 eorum
865 2833 1001 2913 cooperit
1014 2851 1079 2894 cum
1093 2834 1136 2894 eis
1151 2833 1270 2896 dicens:
1291 2821 1391 2920 Apud
1406 2820 1464 2892 De

169 2922 294 2993 minum
318 2918 554 2993 misericordia
577 2931 629 2995 est
656 2931 690 2992 et
711 2923 801 3017 opud
826 2923 939 2995 Deum
965 2922 1174 3020 redemptio}
1202 2929 1249 2997 ita
1271 2928 1361 2997 enim
1378 2921 1464 3020 lapsis

169 3022 329 3096 subvenit
356 3045 426 3094 non
454 3023 565 3094 solum
588 3045 652 3119 per
677 3025 842 3120 Baptismi
867 3037 902 3098 et
929 3026 1201 3101 confirmationis
1229 3031 1390 3122 gratiam,
1419 3019 1463 3100 sed

169 3129 269 3197 etiam
291 3150 355 3223 per
383 3127 613 3220 poenitentiae
637 3128 852 3220 medicinam,
878 3140 915 3201 ut
940 3133 1078 3227 spiritus
1101 3128 1268 3203 humanus
1293 3133 1365 3202 vita
1386 3146 1465 3224 rept-

168 3237 263 3300 retur
286 3241 434 3301 aeterna.
482 3232 525 3321 ip.
550 3228 626 3301 Deo
650 3233 787 3323 gratias.

272 3342 338 3417 Quo
367 3341 446 3402 iacto
471 3339 504 3403 Ρ.
530 3342 633 3422 incipit
658 3342 857 3423 Antiphonem
882 3331 935 3405 Ne
953 3335 1184 3408 reminiscaris
1201 3352 1232 3405 et
1249 3341 1466 3425 superlalditto

170 3441 242 3503 rium
257 3442 403 3505 accumbit
416 3451 445 3503 et
461 3444 586 3504 ministri
601 3452 631 3505 et
648 3453 726 3505 totus
741 3445 868 3525 populus
882 3455 912 3506 et
926 3448 1117 3526 poenitentes
1130 3455 1325 3525 prosternunt
1337 3465 1372 3509 se
1386 3447 1416 3507 in
1426 3453 1469 3505 tct-

169 3559 230 3604 ram
245 3555 275 3603 et
288 3564 342 3622 pro
357 3549 486 3625 ipsorum
501 3548 715 3625 poenitentium
729 3546 917 3609 absolutione
931 3548 1031 3609 dicunt
1044 3547 1096 3609 Vll
1110 3547 1242 3610 Psalmos
1256 3545 1472 3628 poenitentiales

171 3643 352 3707 alternatim:
377 3645 483 3708 deinde
503 3646 609 3709 dicitur
621 3648 791 3730 antiphona
810 3639 863 3711 Ne
884 3643 1124 3713 reminiscaris.
1171 3651 1280 3712 Postea
1294 3646 1473 3713 dicunturll·

170 3748 266 3808 tantae
286 3746 392 3827 quibus
413 3745 500 3810 linitis
521 3749 552 3810 Ρ.
568 3750 639 3812 dicit
659 3770 749 3832 super
762 3752 845 3832 ipsos
855 3743 1052 3814 ⁸l‘oenitentes
1064 3742 1168 3815 Pater
1181 3740 1320 3818 Noster.
1361 3742 1475 3817 Salvos

175 3897 386 3911 *nn—-

169 3972 273 4028 bebielt
284 3990 344 4030 man
356 3975 428 4031 doch
440 3975 511 4030 nocb
522 3977 566 4036 bai
577 3980 862 4037 etuserordentlicbeo
870 3981 963 4038 lillen
974 3980 1001 4037 in
1010 3981 1153 4038 mebreren
1161 3981 1281 4037 llircben
1289 3978 1480 4040 Dentscblands

170 4056 223 4112 deo
242 4058 314 4114 alten
329 4060 680 4122 &conciliatione-termis
703 4066 750 4122 aul
768 4066 821 4122 den
836 4066 1079 4137 Grnudonnerstag
1096 4066 1152 4122 bei.
1186 4066 1225 4124 So
1246 4067 1318 4123 wird
1340 4085 1373 4125 es
1393 4068 1422 4125 in
1434 4065 1481 4121 den

170 4142 293 4198 Siatuten
305 4143 355 4201 des
367 4145 492 4203 lliscbols
504 4144 568 4202 ouo
585 4163 609 4202 v.
623 4144 741 4207 llnmter
753 4168 806 4207 von
824 4151 892 4206 1413
903 4151 1148 4222 vorgesohrieben.
1158 4183 1201 4192 —
1214 4186 1252 4196 -
1266 4152 1298 4207 ln
1309 4152 1362 4209 der
1372 4153 1483 4211 nimae

171 4226 245 4282 culm
264 4229 371 4285 senciot
391 4248 421 4287 es
441 4233 513 4288 nocb
532 4247 618 4302 sogor
640 4233 667 4288 in
682 4236 731 4292 der
745 4236 822 4292 iiitte
836 4236 886 4293 des
902 4237 980 4292 18teu
996 4237 1084 4292 labris.
1097 4236 1294 4307 gebtiucbliclr
1307 4251 1486 4308 gemescunt

166 4311 239 4379 sein.
263 4312 339 4368 lieno
352 4315 378 4369 in
390 4314 450 4372 dem
466 4319 544 4374 laten
555 4317 664 4374 Artikel
678 4319 729 4375 der
738 4320 849 4390 Spoode
861 4336 915 4377 von
927 4322 1003 4378 Culm
1014 4323 1059 4378 bei
1071 4321 1120 4377 der
1131 4322 1215 4378 leole
1226 4321 1298 4377 wird
1311 4322 1365 4379 den
1374 4322 1485 4389 trauca

170 4391 215 4448 dio
231 4396 291 4451 ihre
303 4398 408 4455 llioder
418 4401 454 4455 im
466 4403 544 4460 Betis
556 4402 675 4461 ersticltt·
684 4404 783 4475 baben,
795 4407 834 4462 als
845 4406 931 4462 anse
943 4407 1095 4478 eolgelegt‚
1107 4406 1151 4462 die
1163 4422 1251 4477 geone
1262 4406 1344 4465 Faste
1358 4406 1489 4465 bindnrtb

170 4491 222 4533 vor
237 4479 287 4534 der
298 4482 460 4539 llirebthttre
479 4503 512 4542 nu
526 4489 621 4545 steben
641 4489 693 4545 und
709 4505 751 4544 tm
762 4490 1020 4564 Grundonueratage
1036 4493 1094 4549 sich
1108 4491 1170 4548 dem
1181 4491 1296 4549 Biscbol
1308 4492 1380 4550 oder
1392 4493 1491 4553 desset

169 4561 288 4638 Depotat
303 4580 336 4620 nu
345 4569 537 4663 praeeuntem,
551 4589 595 4628 um
610 4573 655 4630 die
670 4573 827 4632 ollentlicbe
838 4575 1003 4635 Absolution
1016 4592 1050 4634 su
1064 4577 1220 4635 erbtlten.“
