3046 4942
697 317 773 387 lon·

175 490 249 562 Pax
275 492 353 564 huic
375 494 491 567 domui
519 507 583 570 etc.

173 592 317 666 Salvum
338 597 394 668 iao
419 621 560 671 servum
590 610 654 672 etc.
678 620 708 675 et
722 613 865 693 quosdam
878 613 955 676 alios
971 617 1144 679 versicolor.
1172 631 1179 645 ·

174 693 302 769 Oratio.
356 698 503 773 Domine
529 713 649 776 sancte
668 702 771 776 Pater
797 710 1012 802 omnipotens
1039 721 1180 781 aeterne
1202 710 1298 786 Deua
1319 724 1385 787 etc

50 853 55 859 .
174 808 250 868 Dein
267 811 403 897 hortetur
416 812 563 874 intrrnrum
577 817 713 876 contiteri
721 862 730 893 ,
752 818 858 897 siquid·
869 820 898 879 in
926 816 1019 899 priori
1049 821 1248 885 consessione
1275 824 1387 889 obiitne

62 908 171 983 tuerit,
189 928 245 989 qua
260 912 336 973 tactu
350 913 398 972 vet
414 917 438 974 rt
454 916 525 976 nihil
540 918 569 976 in
584 921 765 980 conscientia
779 922 909 998 noverit,
929 922 1019 984 iactat
1031 941 1098 984 euni
1112 925 1213 986 dicere
1228 937 1385 1005 praesente

28 1011 32 1017 '
65 1010 185 1090 populo
200 1015 371 1089 generalem
388 1015 614 1080 contessionem
632 1021 732 1098 lingua
747 1033 891 1084 materne:
911 1013 970 1085 Ich
983 1017 1147 1110 siindiger
1160 1017 1304 1091 Mensch
1318 1030 1382 1091 eit).

175 1113 350 1192 Presbyter:
369 1107 575 1183 Misereatur
588 1116 637 1183 tui
651 1124 715 1187 etc.
746 1114 996 1208 indulgentiam
1012 1129 1047 1190 et
1065 1123 1303 1196 remissionem
1317 1132 1381 1193 etc.
1402 1134 1408 1141 '

173 1215 209 1276 Et
223 1219 358 1280 absolvet
372 1208 592 1285 enm'dicendo:

170 1308 337 1403 Dominus
359 1325 478 1386 noster
499 1315 596 1390 Iesus
623 1313 778 1391 christus
804 1340 984 1414 persuum
1004 1342 1161 1417 magnam
1188 1327 1382 1397 misericor·
1480 1338 1484 1344 '

62 1408 156 1481 diam
185 1421 220 1483 te
247 1411 405 1488 absolvat
438 1428 472 1489 et
500 1441 568 1511 ego
592 1422 795 1493 auctoritate
821 1423 954 1518 ipsius,
988 1447 1054 1521 qun
1080 1424 1208 1520 fungor
1221 1422 1396 1500 ‘absolvo'
1475 1460 1479 1467 ·

62 1521 99 1583 tc
127 1513 172 1584 ab
199 1518 292 1587 omni
320 1519 460 1591 vinculo
496 1525 882 1614 excommunicationis,
912 1526 1114 1619 siligenis,
1141 1531 1282 1624 insuper
1312 1551 1381 1621 ego

63 1613 214 1686 absolvo
243 1628 279 1687 te
313 1641 332 1686 a
365 1625 518 1713 peccatis
553 1625 629 1693 tuis.
681 1621 720 1691 tn
749 1629 887 1695 nominc
914 1626 963 1696 Pu
983 1632 1010 1720 †
1030 1631 1092 1699 tric
1118 1639 1154 1700 et
1178 1630 1219 1699 Fi
1239 1630 1322 1722 †lii
1347 1640 1383 1701 et

62 1715 215 1813 Spiritus
238 1719 364 1790 Sancti.
418 1718 579 1817 Amen1).
845 1748 849 1757 ·
1042 1782 1045 1787 .

173 1824 303 1889 Tandem
318 1826 381 1891 curn
397 1850 502 1909 magne
517 1834 685 1893 reverentia
700 1835 829 1915 porrigit
845 1834 873 1897 ei
887 1832 1098 1899 eucharistiam
1114 1836 1230 1903 dicens:

171 1917 306 2014 Corpus
340 1922 478 1997 Domini
514 1927 623 1998 nostri
652 1924 732 1999 iesu
764 1924 889 2000 Christi
918 1927 1074 2023 proficiat
1109 1930 1169 2003 tibi
1204 1935 1239 2003 in
1275 1932 1380 2003 vitum

66 2016 249 2091 aeternam.
304 2024 379 2095 Pax
407 2026 474 2096 tibi.

64 2146 72 2160 ·
167 2132 222 2192 Vel
238 2133 330 2198 dicut:
1029 2180 1035 2189 ·

168 2226 301 2320 Accipe
323 2231 484 2300 viaticum
510 2228 645 2319 Domini
665 2232 774 2303 nostri
792 2229 871 2305 Iesu
895 2228 1038 2332 Christi,
1066 2237 1123 2328 qni
1149 2247 1184 2307 te
1211 2235 1379 2308 custodiat

65 2326 105 2401 ab
128 2326 228 2399 hoste
249 2329 400 2422 maligno
425 2340 460 2402 et
485 2329 650 2426 perducat
672 2334 706 2402 in
727 2335 833 2403 vitam
856 2343 1051 2417 aeternam,
1082 2337 1196 2408 Amen
1206 2335 1249 2424 ²).
1367 2384 1371 2391 ·
1411 2423 1416 2432 ι

166 2437 282 2500 Deinde
295 2441 393 2502 abluat
406 2440 518 2520 digitos
532 2444 602 2503 vino
616 2441 665 2503 vet
681 2460 754 2521 aqua
768 2443 864 2505 et·det
877 2445 994 2505 intinno
1002 2446 1153 2508 tutionem
1167 2457 1198 2509 ct
1211 2449 1288 2511 dicat
1297 2447 1377 2513 Psal-

62 2558 158 2603 mum:
181 2530 276 2609 neus
304 2538 508 2608 misereatur
534 2536 643 2607 nostri
669 2545 704 2606 et
730 2535 911 2607 benedicat
937 2546 1001 2606 etc.

166 2632 294 2706 Oratio.
344 2637 439 2710 Deus
465 2634 666 2709 infirmitatis
690 2632 858 2709 humaniue
884 2638 1062 2728 singulare
1089 2647 1153 2708 etc.

164 2745 241 2808 utta
281 2735 416 2810 Exaudi
443 2760 509 2812 nos
537 2738 685 2813 Domine
711 2750 830 2815 sancte
851 2749 951 2834 poter
977 2749 1040 2810 etc.

21 2910 29 2919 ,
112 2846 243 2908 Tandem
261 2846 338 2912 dicet
352 2850 574 2913 concludendo:
1255 2891 1260 2901 ·
1374 2890 1377 2895 ·

164 2937 366 3015 Benedictio
389 2942 455 3017 Dei
473 2944 583 3017 Patris
607 2944 848 3038 omnipotentis
870 2951 905 3013 ct
931 2941 1010 3012 Filii
1030 2951 1065 3015 et
1088 2942 1235 3040 Spiritus
1258 2942 1375 3016 Sancti

60 3040 250 3115 descendat
274 3064 378 3141 super
405 3056 440 3117 te
468 3054 661 3141 etmaneat
687 3066 833 3138 semper.
868 3038 1010 3115 ’Amen
1131 3114 1138 3127 ,

59 3214 271 3223 .--——-——-

143 3318 173 3393 1)
195 3318 320 3374 Gunonea
335 3313 561 3371 Cameracensea:
585 3316 654 3372 Ante
675 3312 764 3371 autem
785 3333 862 3387 qnam
884 3315 1064 3371 communicet
1078 3314 1216 3371 Sacerdos
1231 3315 1372 3385 infirmum,

59 3399 131 3459 dicut
151 3402 193 3459 ci:
219 3403 243 3460 ui
266 3399 353 3458 credit
375 3398 449 3471 quod
472 3400 521 3456 sub
539 3399 584 3455 itte
600 3399 693 3470 specie
712 3400 789 3472 panis
806 3402 844 3457 rit
864 3416 964 3472 corpus
979 3400 1079 3456 onusti
1094 3409 1184 3457 natum
1205 3400 1373 3471 duringiae,

60 3502 172 3557 perenn
191 3486 219 3543 in
235 3501 317 3544 cruce
333 3492 362 3540 et
382 3485 570 3541 resuscitatum
585 3483 664 3540 tertia
687 3483 745 3539 die:
770 3485 842 3556 quod
862 3485 885 3541 ni
906 3485 1050 3540 confessor
1072 3485 1152 3542 inerit
1175 3485 1317 3542 deverbo
1339 3481 1373 3538 ad

60 3570 174 3628 verbnm
186 3568 366 3628 communicet
378 3584 445 3625 cunr.
520 3569 550 3643 2)
571 3570 600 3625 tu
616 3569 764 3625 Pontificati
777 3569 914 3626 Prudentii
935 3569 1080 3627 'trecennis
1094 3571 1224 3643 Episcopi
1238 3586 1312 3627 naec.
1327 3568 1373 3626 rx.

61 3655 127 3713 inec
142 3656 286 3714 iubentur:
302 3654 333 3711 in
346 3654 441 3728 primic
456 3654 528 3710 dicat
543 3653 692 3710 (tollentem
707 3653 742 3709 ad
757 3654 827 3710 dem
842 3654 1081 3726 pertinentcmpct
1095 3656 1253 3729 epietoiptu:
1274 3658 1381 3725 postea.

59 3739 132 3813 tegat
146 3741 349 3814 Euangeliou,
369 3739 469 3795 deinde
492 3739 582 3795 dicat:
608 3742 720 3796 Sursum
742 3739 826 3795 corda
847 3740 953 3809 gratias
968 3758 1080 3812 agamus
1095 3741 1223 3805 nomino„
1247 3737 1373 3830 seqnitur

60 3824 197 3885 traiano
208 3843 293 3899 unque
308 3824 343 3880 ud
357 3826 479 3881 Sanctus.
510 3825 575 3881 lnde
587 3825 659 3881 dicat
675 3824 797 3881 Oremue.
823 3825 979 3898 Praeceptis
993 3825 1157 3893 wintaribue
1172 3839 1232 3880 cunr
1247 3826 1373 3914 oratrpuc

60 3894 194 3969 dominice
211 3927 298 3987 utque
318 3926 368 3981 per
385 3910 473 3966 omnin
489 3908 598 3966 auecula
618 3910 797 3967 iaeculorunr.
832 3908 929 3997 ijostca
952 3910 1130 3966 communicet
1151 3924 1219 3963 eunn
1239 3904 1373 4000 'Sequitur

59 3995 148 4052 ontio
167 4002 233 4068 poat
253 3994 483 4052 Communionem.
518 3992 721 4049 Absolvebetur
742 3992 826 4064 igitur
844 4002 955 4066 praeter
976 3993 1217 4051 consecrationem
1237 3995 1373 4060 integrunt

8 4122 10 4133 .
58 4079 154 4138 diane
172 4079 300 4137 officium.
333 4078 376 4134 nd
387 4079 523 4143 saccutum
535 4095 621 4150 usqne
630 4077 818 4134 duodecimum
826 4078 1130 4149 porrigebetSacerdoe
1138 4076 1243 4130 intinno
1256 4073 1373 4131 hortium

57 4165 304 4222 tino’conseeruto
318 4164 466 4221 intinctam.
490 4165 530 4220 Gt.
546 4163 674 4220 Binterinr
686 4164 801 4220 Dentur.
816 4163 875 4234 ltu
886 4181 912 4236 p.
928 4163 977 4220 198
984 4180 1045 4235 aqu.
1076 4159 1158 4233 Apud
1169 4159 1371 4234 theodulphum

56 4248 282 4307 duretieueneenu
302 4241 467 4322 Episcopum
486 4266 560 4306 erec.
574 4249 643 4305 Viti.
666 4248 806 4325 (deterior
821 4247 895 4307 ttiro.
909 4247 983 4304 Tum.
998 4247 1055 4303 th.
1072 4264 1099 4319 p.
1111 4244 1160 4318 42)
1183 4245 1252 4301 laroc
1274 4242 1371 4315 tenun-

57 4339 116 4390 tur:
145 4336 223 4391 't'nnc
236 4335 373 4391 Sacerdos
387 4333 434 4390 det
454 4334 479 4391 ei
499 4350 594 4407 puceu
612 4341 641 4390 et
661 4334 840 4391 communicet
862 4349 922 4390 eum
944 4332 1055 4389 dicens:
1083 4330 1189 4403 Corpus
1208 4336 1238 4387 ct
1257 4328 1371 4400 rancun
1481 4378 1484 4383 .

56 4412 162 4477 Domini
177 4421 215 4476 rit
228 4421 279 4476 tibi
294 4419 420 4476 renieaio
435 4419 552 4476 omniunt
568 4426 744 4492 peccatorum
767 4428 873 4477 tuorum
894 4425 922 4475 et
945 4416 1084 4475 untedio
1097 4423 1124 4473 te
1138 4416 1173 4473 iu
1183 4415 1265 4474 vitan
1279 4421 1370 4472 acter-

55 4518 122 4560 uen.
154 4506 230 4561 Tunc
249 4504 312 4560 date
328 4505 455 4561 ordiune
476 4505 505 4561 in
518 4505 571 4561 dne
585 4505 658 4562 dicut
673 4505 825 4564 Sacerdos:
842 4502 1177 4563 tenedum-Itoniae.
1205 4501 1241 4559 Bt
1252 4516 1369 4575 respon·

55 4587 135 4645 deant
146 4606 258 4646 omnen:
277 4591 334 4645 tien
348 4589 464 4660 gratim
491 4589 683 4663 ¹Etcxpteturn
694 4597 746 4648 oet.
