3046 4942
640 295 715 366 357

31 493 120 571 siae,
139 493 170 552 in
184 491 289 571 quibus
303 496 497 551 conservatur
509 504 584 566 aqua
597 485 754 549 benedicte
772 488 856 548 vacui
870 488 931 546 sint
945 494 976 545 et
991 485 1068 546 bene
1081 486 1189 548 mundi.
1230 486 1269 548 lit
1282 504 1352 568 pro·

36 593 176 657 rideatur
193 593 272 672 quod
285 590 421 652 Ecclesia
435 589 530 668 possit
545 591 677 650 exterius
693 589 787 649 libere
801 587 958 648 circumiri.

141 710 282 771 Pontifex
300 725 385 768 mane
406 708 435 767 in
458 727 513 771 suo
533 709 633 769 habitu
654 709 825 788 quotidiano
843 709 925 768 venit
938 707 974 767 sd
988 705 1170 783 Ecclesiam,
1191 706 1306 768 ordinet
1322 710 1352 769 fn

40 810 173 873 Ecclesia
188 809 388 871 consecranda
403 827 479 888 quae
492 811 651 872 ordinanda
666 820 734 871 suut
749 819 779 870 et
793 811 856 870 eius
870 810 950 868 lussu
965 809 1165 869 accenduntur
1174 809 1354 888 praemissae

42 912 195 975 duodecim
218 911 359 972 candelae
380 921 410 971 et
429 912 622 974 faldistorium
643 921 776 973 ornatum
798 913 917 990 ponitur
929 928 1017 990 supro
1034 918 1132 989 tapete
1147 911 1176 970 in
1189 910 1286 972 medio
1301 908 1354 970 Ee

42 1015 170 1090 clesiee,
186 1023 216 1074 et
230 1032 301 1074 mox
316 1013 454 1074 Pontifex
470 1018 532 1075 exit
546 1014 726 1090 Ecclesiam,
742 1014 854 1074 cunctis
868 1013 937 1073 inde
952 1014 1036 1072 exire
1050 1013 1154 1084 iussis,
1172 1029 1229 1073 uno
1244 1020 1354 1072 tentum

40 1115 175 1177 lliecono
190 1118 312 1191 amictu,
330 1115 413 1191 elba,
430 1118 550 1193 cingulo
565 1126 595 1177 et
608 1116 683 1176 stola
698 1125 801 1196 parato
816 1116 894 1175 intus
913 1106 1084 1174 remanente
1098 1122 1128 1174 et
1143 1113 1297 1174 Ecclesiae
1310 1113 1355 1175 fo·

40 1236 89 1279 res
111 1217 293 1278 clauduntur.
306 1204 337 1290 ¹)
375 1216 458 1278 Tunc
472 1218 609 1279 Pontifex
631 1236 694 1278 cum
716 1219 798 1279 clero
821 1226 850 1277 et
870 1216 982 1296 populo
1002 1214 1117 1276 accedit
1140 1214 1175 1275 ud
1191 1215 1288 1276 locum
1302 1213 1353 1274 ubi

38 1319 140 1399 pridie
159 1319 313 1398 Reliquiae
327 1320 444 1397 positae
457 1319 574 1379 fuerunt
588 1328 617 1379 et
634 1320 674 1379 ibi
689 1320 791 1399 incipit
805 1328 835 1377 et
851 1318 921 1378 dicit
936 1336 1012 1379 voce
1025 1318 1170 1378 submisse
1188 1335 1252 1377 cum
1266 1316 1378 1377 cleri-⁶

37 1423 82 1481 eis
98 1421 230 1506 septem
245 1410 401 1482 Psalmos
416 1438 480 1479 cum
494 1421 663 1501 Antiphone
678 1409 731 1482 Ne
745 1413 976 1482 reminiscaris
991 1419 1054 1481 etc.
1071 1420 1136 1480 stne
1149 1401 1289 1497 Ltuntts,
1312 1418 1354 1478 tn·

20 1520 135 1583 'dnens
148 1524 266 1581 interim
277 1523 427 1596 amictum,
442 1521 553 1598 elbam,
572 1522 738 1599 cingulum,
757 1521 862 1581 stolum
876 1529 906 1579 et
919 1520 1049 1599 pluviale
1062 1518 1120 1580 albi
1138 1520 1265 1596 coloris,
1279 1521 1354 1581 acci·

35 1626 130 1704 piens
156 1624 267 1682 mitram
289 1621 453 1701 simplicem
473 1624 502 1682 in
525 1625 622 1702 capite
643 1631 672 1682 ct
686 1621 819 1682 baculum
832 1620 1010 1700 pastoralem
1023 1621 1052 1679 in
1067 1638 1181 1680 menum
1196 1623 1354 1681 sinistrum.

34 1725 131 1785 Alter
144 1740 262 1802 queque
275 1723 423 1783 Diaconus
437 1733 555 1803 paratus
569 1724 704 1783 similiter
718 1723 840 1798 amictu,
859 1721 935 1795 alba,
951 1720 1071 1798 cingulo
1088 1730 1117 1780 et
1131 1720 1218 1796 stole,
1233 1720 1357 1780 Subdiu·

36 1842 138 1887 conus
153 1825 239 1884 etiem
253 1826 387 1885 amictum
401 1824 495 1884 album
509 1834 539 1885 et
554 1825 703 1902 cingulum
717 1824 846 1899 indutus,
862 1820 991 1898 acolythi
1006 1829 1037 1882 et
1050 1821 1099 1881 elii
1113 1823 1237 1881 ministri
1254 1838 1356 1899 super·

35 1926 180 2009 pelliceis
201 1929 294 2005 parati
315 1926 419 1986 adsint.
460 1928 579 2006 Septem
595 1927 716 1988 Psalmis
740 1926 869 2005 expletis
891 1923 969 1984 redit
983 1923 1122 1984 Pontifex
1136 1942 1200 1983 cum
1216 1922 1357 1982 ministris
1394 1990 1397 1995 ⁸

37 2036 112 2090 ente
134 2027 216 2087 fores
231 2027 384 2088 Ecclesiae
404 2029 624 2089 consecrandae
644 2037 674 2088 et
696 2036 798 2107 parato
819 2028 860 2087 ibi
882 2025 941 2086 elio
962 2042 1052 2105 super
1066 2033 1165 2104 tapete
1179 2024 1357 2099 faldistorio,
1464 2058 1467 2063 ,

38 2128 184 2192 Pontifex
205 2139 285 2190 stans
308 2130 374 2190 sine
391 2131 478 2189 mitra
498 2130 617 2199 inchoet
638 2138 669 2191 et
688 2129 791 2190 schola
806 2128 997 2208 prosequitur
1010 2126 1209 2206 Antiphonem
1222 2116 1357 2189 Adesto

39 2222 141 2295 Deus
161 2243 248 2292 unus
271 2224 485 2316 omnipotens
508 2221 610 2293 Peter
639 2233 673 2293 et
692 2221 799 2293 Pilius
821 2231 855 2291 et
875 2219 1022 2315 Spiritus
1041 2218 1197 2292 Sanctus.
1240 2226 1358 2288 Deinde

41 2334 116 2396 dicit
131 2341 212 2393 stans
230 2332 334 2394 eodem
348 2331 454 2392 modo:

149 2445 293 2515 (iremus.
336 2443 503 2515 Actiones
522 2451 658 2513 nostres
677 2460 882 2535 quaesumus
895 2438 1043 2508 Domine
1062 2437 1243 2533 aspirando
1259 2458 1358 2532 prae·

42 2549 127 2618 veni
148 2554 182 2615 ct
205 2543 398 2615 adiuvando
420 2564 635 2639 prosequere
657 2552 693 2611 ut
720 2550 841 2611 cuncta
862 2549 979 2610 nostra
1007 2541 1117 2608 oratio
1145 2547 1179 2608 et
1203 2539 1357 2632 operatio

43 2658 290 2834 pplppenspptper
311 2648 448 2742 incipiat
472 2656 505 2715 et
529 2667 593 2741 per
619 2653 653 2714 te
675 2652 796 2739 coepta
816 2641 959 2711 finiatur.
1005 2640 1072 2711 Per
1095 2637 1274 2711 Christum.
1314 2642 1357 2729 lb.

151 2878 215 2950 Qua
238 2876 314 2936 dicta
331 2875 470 2936 Pontifex
491 2883 611 2954 acceptu
633 2876 717 2935 mitra
738 2872 905 2953 procumbit
928 2891 1015 2952 supra
1035 2871 1230 2932 faldistorium
1252 2867 1359 2929 ibidem

44 2985 255 3063 praeparatum
270 2985 299 3034 et
315 2974 458 3037 Geutorcs
473 2978 617 3056 incipiunt
631 2975 758 3037 bitenius
774 2985 803 3036 et
819 2994 869 3037 ees
883 2982 1102 3056 prosequuntur
1117 2990 1210 3052 usque
1224 2970 1274 3032 ibi.
1303 2959 1360 3033 Ab

45 3071 142 3144 omni
162 3066 267 3155 melu,
288 3065 411 3137 Libera
432 3088 497 3138 ttos
516 3067 663 3137 Domine
687 3065 890 3163 exclusive.³)
929 3076 1012 3139 Tunc
1025 3093 1152 3167 surgens
1168 3072 1308 3135 Pontifex
1322 3071 1359 3135 eb

43 3242 260 3265 „p-

113 3336 142 3415 1)
157 3337 238 3395 lillf.
247 3337 275 3394 Τ.
290 3341 389 3391 norunt
403 3334 482 3390 ritem
494 3333 676 3405 candelarum,
691 3353 760 3409 quae
772 3337 926 3408 significant
937 3336 1079 3393 duodecim
1089 3335 1250 3407 Apostolos.
1274 3336 1361 3391 Porro

48 3424 256 3499 praescribunt,
278 3428 307 3478 ut
328 3419 424 3477 eiectis
443 3419 566 3476 omnibus
580 3436 616 3476 ex
629 3422 747 3479 ecclesia
761 3423 838 3479 solus
855 3423 993 3479 Diaconos
1007 3421 1163 3477 recludatur
1176 3421 1203 3477 in
1218 3437 1264 3479 eo.
1292 3421 1361 3475 Pro-

48 3512 122 3566 xime
144 3507 177 3562 ad
195 3513 287 3562 nostre
302 3512 424 3577 tempora
440 3503 545 3561 accedit
556 3504 614 3560 flet.
629 3506 776 3575 „Primitus
791 3507 862 3562 euim
876 3507 966 3577 decet,
982 3513 1010 3561 ut
1019 3505 1171 3577 Episcopus
1185 3522 1244 3561 cum
1260 3501 1361 3559 ceteris

50 3592 180 3650 ministris
195 3597 239 3645 eat
253 3589 288 3643 ed
302 3589 444 3644 ecclesiam
460 3589 593 3660 antiquam
610 3598 638 3646 et
653 3590 689 3645 ibi
706 3589 855 3646 recondent
871 3592 1027 3663 vespertino
1043 3597 1166 3663 ternpore
1183 3587 1319 3658 ttettqutes
1335 3589 1363 3639 et

49 3678 142 3735 iubeat
156 3676 193 3732 ibi
209 3689 340 3730 exercere
355 3672 473 3743 vigilias
487 3689 538 3745 per
552 3680 636 3729 totam
650 3680 765 3730 noctem.
791 3675 820 3731 ln
835 3676 952 3732 orestine
967 3682 1056 3733 nutem
1070 3681 1115 3730 eat
1126 3675 1155 3730 P.
1169 3672 1204 3727 ed
1216 3669 1362 3726 ecclesiam

50 3777 118 3834 quae
133 3757 265 3815 secrendu
282 3764 364 3813 estet
379 3755 489 3811 ordinet
502 3754 528 3811 in
543 3773 585 3827 eu,
601 3774 670 3831 quae
685 3757 835 3817 ordinanda
848 3766 909 3816 sunt
924 3767 952 3817 ct
965 3759 1146 3816 illuminentur
1161 3757 1235 3812 iussu
1249 3769 1299 3811 suo
1313 3752 1363 3811 llll

49 3844 181 3902 ceudelae
198 3850 225 3899 et
240 3843 411 3915 expellentur
426 3855 520 3897 omues
533 3841 618 3913 fores,
630 3842 765 3905 nisisolus
774 3842 989 3901 Arcbidiaconus
999 3838 1361 3900 eleusoostioibimeneat.“

111 3943 144 4023 2)
165 3946 280 4004 Silentio
304 3942 532 4019 praetermititunt
552 3946 621 4001 buno
641 3946 791 4003 Golleetam
813 3955 841 4005 et
854 3964 924 4020 quoe
939 3945 1106 4018 praecedunt
1119 3942 1161 4001 El.
1178 3942 1212 3997 ld.
1227 3941 1256 3996 f.
1270 3941 1360 3999 soom.

48 4034 110 4093 liat.
131 4032 198 4087 baec
212 4032 308 4087 babet:
332 4031 397 4086 l'um
413 4029 441 4084 P.
458 4046 518 4087 cum
532 4046 613 4087 sacro
630 4030 727 4086 ordine
742 4030 839 4088 redeat
854 4032 890 4089 ad
904 4031 1048 4088 ecclesium
1063 4036 1092 4086 st
1104 4026 1215 4082 induant
1229 4041 1260 4081 se
1273 4025 1361 4082 sacris

47 4115 174 4174 testibus
196 4123 224 4172 ct
237 4115 338 4171 fecisnt
356 4113 474 4170 litaniam
490 4121 571 4185 prout
584 4113 652 4169 hora
669 4114 830 4171 dictaverit:
853 4132 905 4186 que
918 4115 1026 4187 explete
1038 4112 1111 4168 dicut
1121 4112 1191 4167 benc
1202 4111 1357 4166 orationem

47 4200 243 4259 Actiones
259 4206 312 4260 etc.
334 4198 369 4255 Et
381 4206 444 4255 tuno
458 4198 589 4270 incipient
600 4198 828 4270 Responscrium:
843 4199 957 4255 Domine
972 4199 996 4255 si
1012 4212 1162 4253 conversus
1176 4195 1259 4252 fuerit
1273 4210 1362 4266 popu-

48 4289 94 4345 lus
110 4292 179 4344 tuus.
202 4285 268 4341 item
283 4283 371 4341 uliud:
387 4282 648 4340 Exaudistillomine
662 4283 814 4341 oraticnem
828 4282 902 4339 serti
916 4282 964 4340 tui.
987 4279 1152 4336 ltemsliud:
1167 4280 1203 4337 ln
1217 4279 1363 4337 Domine

49 4369 114 4427 uni
125 4384 256 4425 versor
265 4384 314 4425 um
329 4364 418 4442 (quod
432 4384 502 4425 uunc
516 4374 640 4425 coutetur
655 4375 718 4427 ante
730 4368 841 4425 tertium
859 4360 1022 4439 circuitum).

111 4470 145 4546 3)
166 4471 205 4531 El,
221 4471 250 4526 Τ.
272 4469 377 4524 centeri
396 4469 506 4526 iubeant
518 4471 647 4527 litaniam
668 4477 732 4543 post
744 4472 885 4528 circuitum
901 4471 970 4527 intra
986 4484 1074 4525 novae
1086 4467 1222 4523 ecelesine
1238 4465 1361 4522 moenia:

51 4557 85 4613 if
102 4563 167 4629 post
181 4570 268 4626 aquae
284 4552 503 4610 benedictionem
515 4563 580 4611 ants
594 4555 745 4613 circuitum.
