3046 4942
715 264 789 335 aea
864 364 868 369 Ι

202 450 480 525 anathematizas
507 448 607 517 etiam
630 468 765 517 omnem
795 444 954 517 haeresin
980 443 1208 516 extollentem
1228 464 1272 516 so
1292 443 1396 518 adrer-

103 576 162 630 sue
188 553 276 624 hanc
302 559 453 625 sanctam
480 547 662 621 ecclesiam
690 545 925 619 catholicam?
968 549 1012 636 Pp.
1034 544 1312 618 Anatbematino.

206 653 325 724 Credis
344 654 445 721 etiarn
459 671 577 721 veram
597 651 886 721 resurrectionem
904 647 1057 719 eiusdem
1076 650 1191 718 carnis
1210 669 1314 741 quarn
1325 670 1399 719 nunc

104 765 221 850 gestas
249 763 283 823 et
309 755 414 823 vitam
433 750 633 823 aeternam?
679 756 722 841 lin.
747 748 871 821 Credo.

207 850 327 927 Credis
350 855 452 924 etiam
471 855 554 923 novi
574 861 609 924 ot
629 854 760 925 veteris
781 852 988 938 testamenti,
1008 848 1098 940 legis
1118 859 1153 919 et
1170 850 1400 944 propbetamn

105 967 140 1030 et
156 955 407 1051 Apostolorum
425 974 529 1024 unum
550 974 628 1025 esse
654 963 832 1024 auctorem
852 950 966 1022 Deum
985 973 1026 1021 ac
1047 950 1235 1021 Dominum
1265 954 1400 1048 omnipo

105 1055 257 1129 tentem?
300 1061 343 1145 lt.
373 1051 496 1125 Credo.

206 1167 315 1243 Postea
334 1164 366 1227 c.
388 1165 471 1225 dicit:
500 1153 598 1224 Haec
616 1152 674 1223 tibi
695 1152 779 1227 fides
803 1163 969 1244 augeatur
990 1173 1009 1222 a
1033 1151 1207 1245 Domino,
1229 1153 1275 1223 ad
1300 1175 1399 1224 ueram
1446 1192 1448 1215 ι

106 1270 140 1329 et
162 1268 336 1328 aeternam
356 1254 611 1343 beatitudinem,
634 1254 854 1328 dilectissime
874 1254 981 1325 irater
1000 1255 1035 1324 in
1053 1252 1202 1326 Christo.
1243 1263 1400 1344 Etrepns
1446 1250 1448 1265 '

106 1368 177 1428 dent
195 1385 310 1428 ornnes:
332 1352 493 1449 Amenl)

208 1465 337 1546 Expleto
352 1468 450 1547 itaque
465 1467 600 1525 examine
614 1465 799 1527 desistentes
813 1462 957 1544 Episcopi
972 1464 1081 1524 ducunt
1094 1461 1234 1525 Electum
1253 1464 1289 1527 ad
1308 1463 1401 1526 Conse

108 1576 271 1643 oratorem,
291 1585 389 1628 eoram
410 1586 468 1646 quo
489 1565 665 1643 genutlexus
687 1568 749 1627 eius
764 1583 879 1625 manum
894 1574 1067 1627 reverenter
1085 1564 1248 1626 osculatur.
1290 1564 1401 1630 Tooclt.
1446 1554 1448 1595 ³

107 1669 177 1729 lacit
186 1667 411 1730 contessionem
424 1678 454 1729 et
467 1668 604 1749 procedit
617 1670 646 1729 iu
660 1670 748 1731 missa
763 1667 863 1728 cilicio
873 1667 932 1729 diei
944 1667 1133 1751 conuenienti
1143 1685 1240 1748 usque
1251 1667 1403 1731 adalleloia

108 1771 173 1833 sive
196 1768 324 1829 ultimum
346 1788 465 1831 versum
479 1768 601 1829 Tractus
622 1771 688 1833 sire
703 1768 894 1849 sequentiae.
923 1766 1074 1829 collectae
1094 1768 1154 1827 dici
1173 1768 1344 1849 adiungitur
1360 1767 1404 1829 sut

108 1889 165 1930 una
186 1870 377 1931 conclusione
401 1871 458 1931 alia
483 1889 537 1950 pro
563 1869 752 1934 Ordinando:
784 1858 919 1933 Adesto
946 1859 1253 1954 supplicationibus
1281 1862 1407 1948 nostris,

109 1965 323 2056 omnipotens
341 1961 451 2050 Deus,
473 1972 521 2050 ut,
545 1962 636 2055 quod
656 1961 853 2033 humilitatis
874 1971 1014 2034 nostrae
1036 1960 1228 2053 gerendum
1249 1972 1303 2035 est
1323 1963 1409 2032 mini-

108 2065 234 2153 sterio,
260 2073 338 2134 tuae
373 2066 508 2135 virtutis
536 2063 717 2157 impleatur
739 2062 872 2134 ellectu.
926 2071 1046 2132 lnterinn
1068 2068 1211 2151 Episcopi
1235 2074 1410 2138 assistentes

109 2172 218 2234 ducunt
237 2172 370 2234 Electum
393 2173 430 2235 ad
450 2169 591 2251 capellam
613 2191 694 2233 suam
714 2183 744 2233 et
765 2173 806 2233 ibi
822 2173 960 2253 deposito
974 2171 1115 2253 pluuiali,
1138 2172 1276 2249 bcolytbi
1293 2174 1412 2234 induunt

110 2273 191 2335 illum
211 2274 350 2335 sandalia.
404 2272 475 2333 Tum
489 2275 596 2354 accipit
610 2292 727 2335 crucem
742 2275 923 2354 pectoralem
939 2283 968 2335 et
980 2273 1058 2334 stola
1071 2274 1099 2333 ci
1117 2283 1246 2353 aptatur,
1261 2283 1292 2335 ut
1310 2274 1347 2334 ab
1363 2274 1412 2335 bu·

110 2376 198 2435 meris
214 2375 389 2454 dependeat.
404 2374 520 2435 Deinde
535 2374 684 2453 tunicella,
700 2376 862 2453 dalmatica,
873 2376 970 2437 casula
985 2383 1014 2437 et
1022 2374 1172 2454 manipulo
1184 2374 1320 2436 induitur.
1333 2374 1414 2436 Tunc

111 2475 225 2535 accedit
245 2474 279 2535 ad
301 2495 383 2537 suum
406 2476 498 2537 altare
519 2486 548 2537 et
566 2486 645 2538 stans
660 2476 774 2539 medius
789 2479 866 2537 inter
882 2475 1049 2557 Episcopos
1064 2476 1250 2537 desistentes
1263 2476 1340 2553 legit
1355 2476 1413 2537 olli·

111 2576 187 2637 cium
201 2574 309 2636 Missae
328 2596 422 2656 usque
445 2577 482 2637 ad
501 2576 629 2638 Alleluia
648 2578 713 2637 sire
733 2577 863 2639 ultimum
882 2596 999 2638 versum
1021 2576 1144 2639 Tractus
1164 2578 1212 2639 vel
1229 2579 1413 2658 sequentiae

110 2674 210 2737 Finito
225 2675 377 2753 Graduali,
396 2675 444 2736 vel
460 2676 567 2737 Tracta
585 2678 633 2737 vel
648 2680 808 2758 Sequentia
823 2678 857 2742 (t.
878 2676 992 2739 accedit
1010 2679 1046 2739 ad
1068 2678 1268 2741 faldistorium
1282 2690 1412 2739 auterre

112 2776 189 2835 dium
204 2774 301 2834 altaris
320 2776 403 2835 stibi
419 2775 514 2836 sedet.
551 2776 735 2839 desistentes
748 2798 821 2839 vero
837 2777 977 2858 Episcopi
992 2781 1097 2841 iterum
1112 2779 1223 2841 ducunt
1238 2780 1373 2842 Electum
1382 2778 1412 2839 ad

114 2873 367 2935 consecratorem.
394 2874 465 2935 Turn
478 2875 585 2937 sedent
599 2896 701 2939 omnes
717 2889 747 2940 ut
760 2882 840 2959 prius
854 2872 931 2941 er'c.
946 2898 1050 2941 versus
1064 2880 1319 2943 ad·0rdinandum
1333 2880 1409 2943 dicit:

110 2962 319 3059 Episcopum
329 2975 479 3061 ,oporiet
498 2967 663 3058 iudicare,
681 2974 913 3066 interpretari,
935 2976 1154 3061 consecrare,
1176 2974 1354 3062 ordinare,
1371 2970 1411 3044 ot·

110 3064 219 3153 terre,
239 3064 411 3161 baptizare
434 3077 467 3138 et
479 3067 705 3155 confirmare.
750 3081 867 3155 Deinde
887 3082 1240 3159 omnibussorgentibus
1257 3083 1289 3147 c.
1304 3060 1409 3145 dietat

112 3176 352 3239 circumstantes:
385 3167 541 3251 Oremus,
563 3170 687 3243 fratres
705 3174 890 3261 carissimi,
910 3185 946 3245 ut
970 3174 1049 3251 hnic
1067 3172 1191 3245 Electo
1214 3177 1352 3247 utilitati
1365 3196 1409 3247 et·

69 3328 75 3337 .
112 3269 240 3341 clesiae
271 3269 458 3364 providens
489 3270 682 3363 benignitas
718 3277 975 3369 omnipotentis·
988 3274 1054 3377 liei
1081 3278 1214 3377 gratiae
1249 3298 1336 3348 suae
1362 3276 1417 3346 tri.

111 3368 193 3442 buat
218 3370 419 3469 largitatem.
458 3371 526 3442 Per
546 3370 715 3446 Christum
743 3375 926 3446 Dominum
947 3378 1110 3449 nostrum.
1156 3380 1199 3467 lb.
1221 3377 1347 3449 Amen.
1368 3382 1409 3445 dt

113 3499 183 3543 mox
208 3479 240 3542 C.
263 3489 329 3541 ante
351 3482 545 3543 faldistorium
564 3502 647 3543 suum
669 3493 698 3543 et
717 3487 889 3546 assistentes
904 3485 1047 3566 Episcopi
1067 3472 1246 3548 antecedes
1267 3486 1336 3548 suas
1355 3502 1408 3568 pro

113 3581 266 3643 cumbunt:
292 3580 412 3643 Electus
435 3602 507 3645 vere
526 3604 559 3645 se
574 3587 766 3665 prosternite
786 3588 917 3648 sinistris
929 3587 1167 3648 Consecratoris:
1192 3589 1320 3661 ministri
1332 3588 1409 3668 *edan

114 3668 202 3771 atque
225 3672 326 3745 ornnes
346 3685 396 3745 alii
417 3686 629 3776 gentillectunt.
658 3687 810 3748 Recitator
831 3687 943 3753 titania
963 3697 1051 3768 prout
1069 3705 1157 3767 supra
1180 3689 1212 3747 in
1229 3688 1409 3750 Ordinatiore

113 3785 292 3885 subdiaconi
321 3784 503 3847 dictumest.
549 3786 621 3848 Post
644 3787 833 3853 versiculum:
860 3778 906 3851 Ut
933 3778 1088 3885 omnibus
1111 3776 1274 3853 fidelibus
1306 3768 1409 3892 delun:

113 3918 317 3933 ——-

114 3988 216 4048 iterari.
246 3992 282 4050 tlt
297 4010 366 4051 vero
383 4010 443 4052 cum
461 4012 542 4069 supra
563 3997 691 4070 scriptum
708 3998 744 4054 sit
763 4014 843 4054 unum
858 4014 952 4055 uerum
965 4016 1028 4055 esse
1041 3997 1175 4071 baptisma
1190 3998 1317 4056 nimirum
1330 3998 1357 4056 io
1369 4011 1408 4055 unt

115 4086 179 4127 vera
198 4083 226 4131 et
246 4087 339 4134 saneta
357 4075 489 4151 ecclesia,
509 4078 598 4138 tacite‘
606 4082 727 4138 concedi
743 4084 867 4159 videtur,
887 4084 1021 4141 ecclesiae
1033 4070 1193 4141 (iatbulicae
1208 4084 1409 4141 nnesttoms

115 4158 248 4214 ecclesiae
264 4164 390 4219 ambitum
403 4164 593 4237 aliquantulum
604 4167 770 4237 transgredi.
846 4162 853 4175 “
1410 4182 1415 4193 ’

113 4298 116 4305 ,
152 4306 161 4319 .
181 4242 210 4311 l)
230 4244 361 4303 Conieras
382 4266 451 4320 qnae
471 4266 552 4320 supra
572 4250 607 4305 de
627 4252 703 4306 huius
717 4251 847 4307 examinis
859 4248 1019 4322 antiquitate
1034 4249 1211 4323 exposuimus
1221 4267 1251 4322 p.
1268 4256 1330 4319 212.
1350 4249 1410 4315 Qttt

116 4335 185 4376 nune
202 4325 228 4378 in
246 4345 295 4381 risu
314 4340 375 4387 stunt
394 4332 624 4403 interrogationes
647 4352 700 4414 non
716 4332 851 4405 attingdbt
869 4333 978 4406 quidem
993 4335 1176 4391 venerandam
1192 4327 1410 4403 esnhnginiensis

61 4484 64 4491 Ι
116 4401 386 4484 formulaesetatem,
398 4416 623 4493 redolenttameu
640 4418 821 4493 illusaecnla,
833 4420 929 4491 quibus
941 4418 1123 4485 necessarium
1133 4418 1297 4488 ¹videbatur,
1309 4417 1410 4474 nnana

114 4498 184 4555 ΝΜ,
199 4490 395 4567 Gnosticorum,
412 4493 627 4560 llnrriebaeorudr
638 4503 814 4561 delirdmenta
825 4518 893 4578 puae
907 4504 1009 4561 ueteris
1023 4502 1175 4591 prodigere
1189 4506 1274 4589 atque
1285 4503 1408 4558 damnare
