3046 4942
749 242 860 353 ‘rao
893 391 901 405 ·

272 481 405 544 XXXIX.
442 480 543 543 Oratio
572 479 728 558 Placeat
749 476 820 538 tibi
834 479 872 538 in
892 468 1027 557 plnrimi'a
1047 477 1143 557 iisqne
1167 477 1385 539 vetustissimis
1409 474 1481 557 libris

171 589 253 648 inam
274 560 447 646 hodiernam
469 600 551 643 mum
572 588 700 642 notatur.
742 578 847 640 Exsul
867 582 936 639 item
959 580 990 639 in
1012 578 1100 639 llissa
1117 577 1252 658 Illyrici,
1275 576 1333 640 sed
1353 579 1395 639 ati
1414 579 1482 641 solet

170 688 304 763 adiungit
317 686 417 746 aliam:
445 682 563 744 dlera'tic
584 689 614 743 et
629 680 895 742 intercessionibus
912 680 1020 741 bootae
1038 677 1159 747 Henioc
1178 698 1304 773 φιρστ
1320 678 1481 758 οἱηὺιίσα

169 789 297 849 iawrrtm
319 793 349 847 et
370 787 501 847 omrricm
520 784 703 845 Sanctorum
722 790 842 845 moran
864 783 1047 845 misereeaoe
1064 781 1164 844 anari
1187 783 1382 861 enmipoterra
1399 780 1480 846 ben.

75 862 82 883 κ
171 889 301 961 Eandem
316 888 415 965 habet,
429 889 538 949 omisso
555 896 652 948 manen
664 886 827 946 Placeat
841 885 929 947 llissa
943 884 1096 946 llnratorii
1110 882 1300 947 llntinensia.

272 991 415 1070 Sequitur
428 991 587 1050 recentiori
602 991 658 1048 ritu
668 982 841 1048 Benedictio
856 986 970 1067 populi,
980 1004 1065 1077 qnam
1079 984 1150 1047 olim
1165 994 1235 1046 anto
1247 982 1478 1048 communiorem

171 1092 273 1169 largiri
288 1091 405 1153 solebat
418 1090 595 1170 Episcopus.
630 1089 699 1164 tlh,
722 1099 858 1166 quaeest
874 1087 1064 1167 presbyteri,
1081 1086 1193 1165 legiter
1205 1088 1236 1147 in
1256 1086 1360 1148 tabula
1374 1095 1476 1148 autre:

85 1204 90 1213 “
136 1216 141 1223 ·
170 1193 388 1274 Episcoporom
400 1192 456 1252 alia
471 1200 516 1252 eat
530 1175 615 1269 quarn
631 1191 678 1249 hie
693 1207 848 1268 apponere
862 1191 942 1249 iuvat
956 1187 1212 1249 excaerimoniali
1226 1187 1398 1250 llonastico
1412 1187 1475 1250 Gor·

172 1273 831 1373 gregationieBhrsleldensisColoniaexlbffl
846 1287 960 1379 pata:
974 1290 1061 1351 Dicto
1075 1291 1234 1351 Placeat
1247 1291 1353 1351 athar
1363 1293 1475 1351 turris
1514 1356 1516 1381 Ε

171 1396 268 1456 aredio
284 1394 403 1471 altaris,
424 1394 560 1473 imposita
574 1392 808 1454 sibialliacono
824 1394 907 1454 mitra
925 1393 997 1453 dicit
1010 1395 1039 1453 in
1054 1401 1143 1453 tono:
1176 1390 1224 1452 Sit
1240 1409 1353 1455 men
1372 1389 1476 1462 mati
1514 1462 1516 1467 ,

171 1495 373 1579 bpaedictum,
401 1496 512 1575 pollice
539 1494 645 1556 dextro
665 1495 754 1571 signo
776 1497 871 1555 crucis
890 1495 947 1555 eibi
968 1497 997 1554 in
1024 1504 1148 1575 pectore
1175 1513 1328 1574 ponens‚,
1343 1495 1471 1554 sinisiram

172 1596 289 1659 interimi
306 1615 397 1677 super
410 1597 502 1658 altare
517 1606 639 1665 tenena,
654 1595 780 1677 dumque
806 1615 821 1657 a
843 1598 935 1667 choro
960 1595 1176 1676 respondetur:
1202 1592 1256 1656 Em
1279 1594 1338 1656 ltoo
1356 1613 1432 1656 nano
1450 1600 1472 1655 et

169 1685 267 1779 oqui
286 1699 317 1759 in
336 1698 501 1760 saeculum.
536 1698 651 1761 Deinde
676 1707 797 1783 cantans
815 1696 1005 1758 aladiatorium
1022 1703 1160 1759 nostnrm
1178 1696 1211 1759 ist
1227 1680 1350 1759 moliare
1370 1695 1472 1759 aas&

171 1801 275 1863 dextra
294 1806 328 1862 ab
349 1792 452 1880 signat
470 1820 485 1862 a
506 1801 606 1863 lronte
626 1799 662 1862 ed
686 1809 808 1879 pectus,
828 1800 951 1862 eandem
971 1801 1076 1861 iterum
1100 1818 1191 1880 snper
1208 1799 1305 1861 altare
1328 1816 1469 1879 reponere,

171 1901 237 1963 dnm
259 1921 276 1965 a
296 1904 388 1964 choro
408 1902 607 1983 respondetur
626 1899 688 1975 Qut
698 1898 774 1977 fecit
792 1901 906 1987 coelpnt
925 1907 956 1962 et
975 1907 1098 1962 terram.
1144 1900 1226 1963 Tunc
1249 1892 1372 1963 cantans
1391 1898 1465 1961 aaa

136 2016 142 2026 ·
169 2001 253 2063 dioot
270 2019 326 2063 eos
347 2003 531 2080 omnipotens
550 2000 636 2065 Deus
658 2000 770 2064 oculos'
783 2013 813 2065 et
834 2023 934 2067 manaa
954 2003 1040 2065 simol
1061 2003 1097 2065 ad
1115 2002 1231 2066 coelnni
1255 2002 1374 2080 elevat,
1398 2010 1466 2083 eaprt

170 2105 250 2165 cruci
262 2103 407 2164 inclinans
425 2112 455 2165 et
469 2121 553 2165 mann
568 2105 687 2165 sinistra
708 2107 857 2185 accipiens
878 2104 1011 2167 bacalum
1030 2105 1209 2187 pastoralem
1224 2104 1373 2165 benedicit
1390 2121 1465 2187 popa·

171 2204 231 2265 lum
245 2213 291 2266 ter
303 2204 416 2264 iaciens
429 2193 545 2283 aissnun’r
556 2207 662 2280 crucis,
671 2207 764 2284 primo
780 2225 884 2269 versus
898 2206 973 2269 latua
986 2206 1141 2287 Epistolae
1155 2206 1256 2268 dicens
1270 2204 1466 2289 Potes-,deindo

171 2305 284 2368 directe
302 2305 493 2387 adpopnlnm
517 2307 546 2367 in
573 2306 669 2368 medio
697 2307 798 2370 dicens
824 2306 938 2386 Fiam,
964 2308 1081 2370 tandem
1103 2327 1207 2373 aereos
1231 2308 1307 2370 latas
1325 2306 1465 2385 Evangelii

171 2406 274 2493 dicens
287 2413 318 2468 et
333 2406 465 2486 Spiritus
477 2405 609 2471 Sanctae
623 2409 805 2489 perdcicndo
821 2411 972 2473 circulum.

272 2510 333 2571 Sed
346 2513 376 2572 in
390 2510 447 2573 hac
459 2529 578 2593 qnoque
592 2511 699 2573 blissae
714 2523 828 2592 pastea
848 2512 1000 2575 clemente
1010 2511 1092 2575 lllll·
1107 2512 1222 2573 demum
1241 2512 1394 2573 anilormis
1406 2509 1462 2570 ratio

169 2611 299 2674 stabilita
318 2621 373 2675 est.
412 2612 529 2675 Etenim
552 2614 630 2693 apud
647 2617 784 2694 antiquos
802 2616 851 2699 ael
872 2615 1007 2677 cirenae
1023 2617 1053 2675 in
1069 2633 1123 2675 asa
1139 2622 1222 2675 erant
1242 2613 1462 2675 benedictiorem

170 2712 332 2789 formulae,
354 2723 384 2773 ut
405 2714 495 2774 haec:
523 2711 653 2774 Coelcsti
671 2714 873 2777 benedictione
894 2714 1050 2779 madeat
1067 2721 1099 2776 et
1123 2714 1277 2776 custodiet
1301 2732 1358 2776 oot
1383 2713 1463 2773 dicito

168 2811 315 2870 maiestas
330 2819 360 2871 et
372 2830 435 2872 uno
446 2811 563 2888 Deitas,
581 2813 681 2892 Pater,
702 2815 796 2877 Filius
809 2825 839 2876 et
856 2818 988 2895 Spiritus
999 2816 1147 2879 Sanctus:
1170 2797 1205 2859 ἶ-
1227 2817 1276 2877 vel
1299 2817 1463 2883 Benedictio

171 2930 246 2991 quae
265 2912 355 3005 bodie
367 2912 526 2995 Episcopis
541 2924 588 2977 est
603 2920 736 2996 proprie,
751 2920 934 2998 presbyteris
948 2936 1066 3001 quoqne
1080 2921 1243 2980 communis
1257 2928 1314 2978 est
1346 2919 1390 2981 lle
1403 2916 1464 2977 aha
1512 2894 1514 2969 ἶ

171 3011 327 3107 Remepsis
353 3015 581 3097 metropolitana
606 3018 732 3081 ecclesia
762 3019 856 3082 refiert
882 3022 1003 3083 llninart
1028 3023 1059 3081 in
1079 3023 1187 3081 itinere
1210 3038 1267 3099 per
1290 3020 1427 3081 Alsatiam
1445 3024 1465 3077 ct
1512 3000 1514 3007 ¹

169 3102 409 3193 lotharingiam,
435 3119 464 3178 in
483 3119 541 3181 dne
562 3120 669 3181 missae
689 3125 834 3185 neminem
859 3124 1069 3203 anqnammiai
1099 3122 1367 3203 hrohiepiscopum
1395 3122 1465 3183 bere·

170 3213 283 3290 dicere,
296 3215 349 3277 sed
362 3217 441 3279 dioto
455 3238 510 3299 per
526 3219 691 3285 Diaconum
704 3222 749 3284 lte
760 3225 857 3284 nassa
869 3226 1000 3301 ech-nisi
1015 3224 1090 3284 adsit
1102 3224 1368 3305 archiepiscopos,
1384 3238 1467 3286 omnes

170 3317 200 3377 in
220 3318 382 3378 sacristiam
403 3324 524 3383 reverti.
563 3321 598 3383 ln
619 3324 749 3386 ecelesia
761 3325 1002 3389 Antisiodorensi
1016 3324 1048 3387 S.
1062 3325 1204 3405 Stephani
1219 3325 1416 3388 Sacerdotem
1427 3340 1469 3385 nec

171 3415 409 3479 benedictionem
429 3420 498 3483 dare
519 3441 575 3484 neo
589 3422 783 3507 Evangelinm
804 3429 835 3488 S.
853 3428 971 3489 loannis
993 3427 1029 3490 ad
1048 3427 1140 3489 altare
1160 3426 1262 3487 dicere
1283 3429 1424 3507 perhibet
1437 3424 1471 3489 de

134 3572 141 3584 .
169 3517 290 3582 lloleon
307 3520 337 3580 in
350 3521 457 3582 itincre
474 3522 624 3600 liturgico.

273 3619 421 3698 llonaobi,
436 3633 466 3683 at
478 3623 589 3703 solent,
601 3643 660 3687 noa
674 3629 863 3693 mediocriter
875 3630 912 3693 ab
927 3630 1129 3693 ecclesiastica
1145 3630 1363 3712 consuetudine
1377 3627 1475 3688 disere·

170 3733 249 3803 pant.
270 3723 338 3784 llitu
352 3726 447 3784 aeteri
457 3723 717 3809 cisterciensi,qui
734 3732 980 3809 nnnoabrogatus
995 3733 1139 3809 est,nulla
1154 3740 1252 3793 exstat
1266 3733 1297 3792 in
1313 3728 1479 3793 duellissae

169 3823 354 3901 benedictio,
376 3824 429 3884 sed
444 3826 590 3886 Sacerdos
603 3826 680 3888 diota
694 3831 829 3890 oratione
847 3832 1003 3895 Placeat
1018 3835 1168 3895 osculatur
1181 3832 1274 3893 altare
1290 3832 1409 3893 dicens:
1425 3826 1480 3889 lle-

170 3924 237 3983 n'tie
261 3933 292 3986 et
314 3925 458 4004 precibus
480 3927 608 3987 ictorum
630 3936 660 3989 ct
680 3930 809 3989 emacim
828 3931 1008 3995 Soarctorum
1030 3953 1157 3995 mortem
1179 3935 1365 3995 mammon
1388 3931 1483 3991 nostri

171 4025 355 4102 omraipoteas
366 4026 460 4090 Deras.
487 4025 590 4089 Amen
625 4033 733 4111 Sicque
748 4034 869 4111 signans
884 4053 919 4094 ee
934 4045 964 4096 et
977 4037 1121 4099 inclinans
1136 4036 1259 4097 recedit.
1296 4034 1412 4097 Eodem
1427 4035 1484 4094 ritu

170 4134 289 4186 ntuntnr
303 4128 497 4193 carthusiani.
525 4130 700 4195 Carmelitae
716 4144 783 4213 post
799 4134 1038 4197 benedictionem
1053 4149 1122 4201 ante
1134 4137 1261 4201 modim
1276 4137 1379 4198 altaris
1393 4155 1485 4213 genn·

151 4225 239 4288 'dexi
262 4229 362 4291 dicunt
383 4233 580 4314 Antiphonem
606 4236 729 4297 Salve·
747 4239 884 4313 regina
911 4256 976 4298 cum
1002 4256 1092 4301 versa
1119 4250 1149 4300 et
1167 4241 1321 4301 oratione:
1348 4247 1488 4318 tempore

169 4329 298 4406 paschali
314 4338 409 4391 autem
423 4335 521 4398 dicunt
535 4346 662 4398 stantes:
686 4335 839 4413 liegina
862 4339 976 4402 coeli.
1017 4338 1105 4402 Boeo
1119 4340 1138 4401 l.
1155 4360 1181 4401 o.
1197 4341 1234 4401 11.
1248 4359 1274 4401 o.
1288 4337 1340 4403 20.

271 4429 331 4491 XL.
353 4429 467 4493 lnitinm
479 4428 639 4515 Evangelii
651 4439 684 4500 S.
698 4437 825 4520 loannis,
839 4442 870 4501 in
881 4459 940 4520 quo
955 4441 1023 4503 ddei
1038 4442 1207 4505 orthodoxa
1220 4436 1490 4523 ἀνακεφαλαίωσις

170 4529 312 4610 quaedam
333 4533 529 4613 continetur„
542 4557 581 4599 ex
598 4540 807 4620 antiqaissimis
828 4543 1010 4627 temporibus
1033 4544 1177 4623 chedma·
1195 4544 1388 4607 obsecrantis
1409 4546 1490 4627 apnd
