3046 4942
744 317 826 391 '4³8

130 507 294 596 bominis,
320 522 420 600 quam
445 526 508 601 per
533 501 680 600 Moysen
707 509 750 575 in·
766 503 849 595 lege
869 500 947 575 filiis
967 499 1152 596 iniqnitatis
1170 498 1339 573 Dominus
1356 520 1435 594 pers

128 612 226 683 misit.
268 607 434 679 Dolantur
460 610 679 679 nomenoius
706 606 748 678 de
771 604 859 705 libro
886 606 1075 678 viventium
1093 612 1130 675 et
1151 625 1234 675 curn
1254 603 1347 675 iustis
1364 620 1420 672 non

129 712 306 786 scribatur.
354 709 431 781 Fiat
455 732 535 806 pars
557 719 592 781 et
618 708 822 781 haeredibus
844 710 916 779 eius
943 726 1020 778 cum
1042 703 1128 776 Gain
1148 703 1334 791 fratricida,
1356 722 1421 773 cun

128 813 264 885 Dathnn
290 823 325 883 et
350 811 497 902 Abiron,
525 835 601 883 cum
622 811 756 883 Ananis
779 819 813 881 et
836 807 992 905 Sapbira,
1016 831 1092 879 cum
1113 806 1259 880 Simone
1278 825 1371 896 mago
1391 812 1421 875 et

66 998 70 1007 .
101 964 104 975 ·
129 915 213 986 Iuda
234 914 424 1011 proditore,
446 923 480 986 et
502 937 580 986 cum
605 917 657 987 eis
681 916 738 1009 qui
758 912 919 984 dixerunt
940 910 1031 998 Deo,
1057 910 1188 982 recede
1209 931 1230 981 a
1252 907 1353 995 nobis,
1371 927 1421 980 so

131 1019 246 1088 mitam
265 1021 397 1088 viarum
421 1025 554 1087 tuarum
574 1015 741 1089 nolumus.
783 1014 908 1085 Pereat
924 1017 959 1085 in
977 1013 1031 1086 dic
1049 1012 1180 1101 iudicii,
1200 1011 1340 1082 devoret
1353 1029 1420 1079 eum

130 1122 221 1212 ignis
247 1128 433 1215 perpetuus
456 1141 531 1190 cnm
553 1118 689 1190 diabolo
717 1126 751 1189 et
770 1116 903 1208 angelis
929 1119 1019 1204 eius,
1044 1117 1110 1186 nisi
1130 1114 1321 1203 restituerit
1340 1120 1369 1182 et
1384 1108 1419 1180 ad

131 1221 404 1293 emendationem
429 1223 574 1292 venerit.
628 1219 723 1310 Fiat,
750 1216 816 1290 liat

236 1346 306 1409 Tum
329 1348 435 1410 dicitur
449 1349 592 1424 Alleluia,
613 1349 678 1409 aive
691 1346 808 1408 ultimus
822 1362 926 1408 remus
940 1328 1060 1408 Tractus
1073 1344 1122 1405 vel
1135 1343 1318 1425 seq-sauss
1328 1350 1355 1403 et
1365 1357 1417 1402 asc·

133 1458 197 1512 tem
218 1468 310 1530 usqrre
325 1450 360 1511 ad
376 1450 564 1514 Odertorium
579 1450 738 1524 inclusiva,
756 1448 920 1527 virginibus
935 1449 963 1509 in
978 1448 1082 1510 ordine
1096 1464 1152 1509 suo
1167 1446 1350 1517 manentibus
1374 1442 1416 1503 ot·

132 1552 258 1613 lertorio
273 1552 351 1614 dicto
367 1553 502 1632 singulae
515 1553 648 1630 virgines
662 1561 865 1627 consecratae,
878 1549 984 1611 relatis
998 1550 1143 1630 capitibus
1159 1549 1196 1611 ad
1210 1566 1309 1610 manus
1320 1545 1414 1607 tortu

133 1654 176 1715 cis
190 1656 218 1714 in
233 1652 397 1715 faldistorio
411 1654 616 1743 antamedium
632 1655 731 1716 altaris
746 1670 809 1714 nun
823 1654 907 1715 mitra
919 1642 1062 1730 sedentis,
1077 1652 1210 1715 oderunt
1229 1667 1324 1713 coram
1335 1665 1366 1709 eo
1376 1664 1415 1726 ge

133 1755 269 1816 undenae
292 1757 442 1835 quaelibet
462 1757 612 1819 candelam
633 1773 796 1819 accensam.
835 1755 954 1816 interim
976 1765 1115 1836 parantur
1136 1773 1194 1835 pro
1210 1754 1256 1815 eis
1269 1760 1313 1814 tot
1326 1750 1414 1812 bostln

134 1857 353 1919 consecrandae
376 1860 453 1940 qnod
475 1868 544 1921 sunt
562 1860 645 1940 ipsae
665 1875 797 1921 numero.
837 1856 926 1919 Facta
949 1857 1098 1919 oblatione
1112 1855 1256 1918 Pontifex
1275 1872 1332 1917 cun
1352 1854 1414 1913 uitn

132 1959 241 2021 sedens
263 1959 341 2023 lavat
359 1981 477 2041 manns,
499 1961 606 2025 deinde
626 1961 760 2043 deposita
776 1961 859 2021 mitra
873 1961 968 2039 surgit
983 1969 1012 2021 ct
1026 1962 1218 2043 prosequitur
1231 1956 1342 2019 llissrn
1353 1969 1415 2016 nort

133 2070 288 2124 consueto.

235 2180 366 2243 Secreta.
422 2171 552 2247 Oblatis
583 2174 703 2248 hostiis
730 2190 935 2269 quaesumus
956 2173 1102 2245 Domine
1128 2167 1355 2266 praesentibus
1377 2164 1418 2236 la·

133 2272 289 2347 mulabus
318 2277 384 2347 tuis
409 2278 701 2372 perseverantiam
723 2287 909 2373 perpetuae
930 2275 1136 2369 virginitatis
1159 2268 1366 2344 accommoda
1389 2275 1418 2338 ut

134 2379 261 2472 apertis
284 2379 393 2449 ianuis
415 2382 535 2452 summi
562 2382 656 2474 regis
683 2378 835 2451 adventu
860 2400 1004 2473 regnum
1033 2375 1188 2451 coeleste
1212 2396 1286 2447 cnm
1308 2372 1418 2445 laetitia

133 2490 330 2552 mereantur
351 2481 489 2553 intrare.
532 2481 600 2555 Per
622 2481 719 2555 Dom.
1270 2473 1281 2489 ’

234 2607 391 2689 Postquam
401 2609 540 2671 Pontilex
554 2630 588 2673 sa
600 2611 637 2673 de
648 2608 783 2692 Corpore
798 2618 827 2671 et
838 2608 989 2688 Sanguine
1002 2607 1273 2680 communicaverit,
1286 2615 1339 2665 tun
1352 2616 1416 2662 acac·

134 2709 205 2771 dunt
219 2708 254 2770 ad
268 2729 434 2791 supremum
450 2712 570 2791 gradum
582 2713 681 2774 altaris
696 2714 827 2791 virgines
842 2713 924 2792 ipsae
939 2712 1024 2773 binae
1039 2720 1069 2771 et
1083 2709 1170 2770 binae
1185 2719 1217 2771 et
1230 2708 1332 2769 ibiden
1343 2719 1415 2783 genu·

134 2811 272 2889 flectunt,
295 2811 433 2874 Pontilex
449 2831 522 2875 vero
537 2814 667 2893 singulas
683 2816 894 2893 communicat,
915 2823 944 2874 et
958 2813 1092 2874 omnibus
1107 2811 1341 2885 communicatis,
1351 2807 1414 2887 ipsse

133 2915 265 2992 virgines
279 2924 347 2975 ante
363 2915 472 2994 altare,
486 2925 518 2977 ut
532 2919 561 2979 in
576 2916 662 2978 blissa
676 2907 794 2978 inerunt
808 2914 984 2993 genndexae
998 2915 1083 2977 sinml
1097 2895 1217 2975 cautam
1231 2911 1413 2994 Antipbomn:

132 3003 205 3077 blel
226 3016 260 3078 et
282 3006 336 3079 lac
354 3029 401 3079 ex
421 3012 494 3083 eius
515 3033 576 3082 ore
598 3011 735 3106 suscepi
755 3020 791 3083 et
810 3013 948 3104 sanguis
963 3012 1043 3081 'eius
1064 3010 1202 3079 ornavit
1215 3028 1320 3100 genas
1332 3020 1412 3075 meas.

133 3115 254 3179 interim
276 3118 415 3182 Pontifex
440 3122 619 3185 ablutionem
648 3122 752 3203 sumit,
778 3131 838 3184 tum
864 3131 985 3204 accepta
1003 3121 1105 3196 nitra,
1128 3128 1211 3181 stans
1231 3119 1309 3181 lavat
1328 3129 1412 3185 nrum,

132 3218 239 3281 deinde
254 3222 370 3302 perlicit
382 3222 508 3286 lllssam.

233 3338 488 3406 Posteonmnnto:
522 3333 617 3406 Deus
649 3337 706 3430 qui
736 3334 963 3408 babitaculum
991 3345 1085 3407 tuum
1114 3334 1151 3403 in
1181 3329 1288 3402 corde
1313 3322 1409 3423 pudico

132 3430 300 3520 fundasti,
336 3437 472 3528 respice
499 3457 603 3533 super
633 3437 694 3509 bas
721 3436 866 3513 famulas
891 3447 967 3511 tuas
994 3447 1139 3531 atquae
1162 3424 1409 3526 castigatioribus

55 3646 58 3651 Ι
133 3532 278 3606 assiduis
300 3536 491 3630 postulant,
519 3549 576 3610 tun
599 3537 835 3612 consolatione
856 3543 1052 3636 percipiant.
1098 3538 1168 3609 Per
1191 3536 1288 3608 Dom.

237 3661 326 3724 lilaea
347 3664 426 3724 linita
439 3666 579 3729 Pontifex
599 3666 649 3729 dat
662 3668 897 3731 benedictionem
911 3667 1083 3742 solemnem.
1114 3665 1154 3728 Et
1168 3667 1235 3747 quia
1249 3666 1275 3726 iu
1288 3652 1411 3722 nonnullis
1433 3626 1435 3649 Ι

131 3767 319 3827 monasteriis
333 3774 379 3828 est
393 3768 588 3848 consuetudo,
601 3771 679 3851 quod
696 3771 765 3833 loco
778 3771 998 3834 Diacnnissutus
1008 3769 1184 3849 Virginibus
1198 3762 1362 3831 comecratis
1374 3755 1411 3817 dr·

132 3872 180 3926 tur
191 3867 316 3929 incultas
331 3869 489 3949 incipiendi
504 3871 591 3934 boras
604 3876 760 3935 muonlcas
774 3884 805 3935 et
818 3874 938 3952 legendi
955 3874 1084 3935 olbcium
1099 3873 1127 3932 in
1142 3870 1286 3946 Ecclesia,
1296 3861 1412 3928 Pontilst

129 3976 210 4029 stans
225 3978 293 4031 ante
307 3970 399 4033 altare
412 3974 477 4034 sine
492 3975 591 4051 mitra,
613 3973 784 4053 Virginibus
798 3979 979 4039 consecratis
992 3994 1090 4039 coram
1105 3991 1142 4036 eo
1157 3973 1336 4054 genuflexis,
1348 3966 1412 4028 dicit:
1433 3964 1435 4015 f

130 4059 296 4139 Dominus
318 4065 506 4139 vobiscum.
550 4067 595 4140 Et
612 4090 698 4140 cum.

236 4180 390 4257 Oremns.
435 4184 571 4258 Exaudi
597 4187 742 4261 Domine
762 4210 885 4286 preces
904 4199 1040 4262 nostras
1062 4197 1098 4260 et
1118 4210 1227 4284 super
1249 4188 1309 4259 bas
1334 4183 1415 4256 ianu-

131 4278 183 4354 las
210 4292 286 4357 tuas
312 4290 465 4382 spiritum
492 4299 571 4361 tuae
593 4287 888 4381 beneldictionis
915 4295 1043 4380 emitte,
1070 4300 1107 4361 ut
1133 4292 1283 4364 coelesti
1303 4301 1417 4361 munere

132 4380 257 4455 ditatae
275 4396 311 4456 et
326 4398 405 4461 tuae
423 4395 609 4466 maiestatis
627 4397 770 4486 gratiam
790 4399 922 4491 possint
942 4397 1123 4490 acquirere
1144 4405 1181 4467 ct
1197 4395 1290 4468 bene
1303 4383 1417 4465 vilvord

132 4482 207 4554 aliis
230 4491 424 4584 exemplum
446 4495 622 4589 praebere,
668 4496 735 4568 Per
759 4495 837 4569 Cbr.

233 4594 305 4657 Tum
319 4601 405 4663 sedet
417 4604 567 4687 Pontilex,
580 4617 701 4690 accepta
711 4611 811 4689 mitra,
825 4619 856 4673 et
869 4610 1143 4674 truditlireriarium
1158 4610 1220 4673 illis
1234 4611 1369 4674 ambabus
1380 4618 1419 4668 nt
