3046 4942
722 262 798 334 346

103 464 252 530 Parachos
267 459 487 541 superpelliceo
503 462 533 518 et
546 455 623 517 stola
637 453 703 517 alba
715 457 833 517 indutos
847 462 878 516 et
892 453 943 516 alii
957 453 994 516 de
1008 453 1115 533 clero,
1130 454 1158 516 ai
1172 454 1293 534 adsint,
1308 472 1413 536 praeee-

105 571 194 630 dente
204 565 309 640 cruce,
324 578 399 641 quae
413 560 479 621 sine
493 558 575 620 hasta
589 555 732 634 defertur,
747 557 889 618 accedant
902 556 939 618 ad
950 556 1222 636 demumdernum,
1231 577 1301 620 cnm
1310 556 1409 622 Oleniae

103 667 303 752 aspersorium
322 663 478 724 deferente
529 657 675 721 Sacerdos
689 660 824 739 aspergit
841 677 965 739 corpas:
980 657 1088 721 deinde
1102 659 1185 722 dicit.

206 756 258 832 Sit
278 777 405 828 nomen
430 754 567 826 Domini
586 750 802 823 benedictum
831 774 877 823 ex
903 751 971 824 hoc
992 764 1139 825 nuncet
1161 775 1276 848 usque
1296 755 1404 827 inere

103 864 225 934 culum.
676 914 680 921 ,
1055 876 1059 881 ’

204 960 329 1035 Psalm.
355 961 435 1030 112.
480 956 633 1029 Laudato
659 959 756 1051 pueri
783 956 966 1027 Dominum
989 965 1052 1027 etc.

205 1064 258 1136 Sit
280 1083 405 1134 nomen
427 1060 564 1130 Domini
589 1057 806 1130 benedictum
835 1067 898 1128 etc.
1340 1126 1345 1132 ,

205 1177 280 1236 Dum
302 1180 436 1253 portatur
453 1170 490 1232 ad
511 1168 667 1229 ecclesiam
689 1169 803 1231 dicatur
823 1166 930 1229 Psalm.
966 1157 1064 1229 Beati
1082 1159 1294 1231 immaculati
1312 1161 1399 1231 invit

105 1291 135 1342 et
148 1282 172 1339 si
189 1288 304 1356 tempus
322 1280 461 1354 superest
474 1271 531 1332 dici
545 1280 646 1350 potest
664 1271 794 1331 Pseimns
809 1259 961 1331 Laudare
974 1259 1156 1332 Dominum
1170 1263 1218 1333 de
1232 1263 1339 1336 coelis
1353 1287 1400 1334 e!

105 1383 170 1442 aiiis
189 1378 303 1440 dnobus
319 1373 511 1456 sequentibus
526 1382 556 1434 et
570 1375 599 1432 in
615 1374 674 1433 iine
691 1360 809 1434 Gloria
828 1357 971 1457 Parml)

207 1478 279 1542 cum
301 1483 397 1540 antoni
420 1476 613 1556 pervenerint
627 1474 662 1535 ad
678 1475 833 1535 ecclesiam
852 1472 966 1535 dicatur
979 1472 1165 1554 Antiphone:
1190 1464 1257 1536 Hic
1280 1468 1403 1562 acupied
1435 1494 1437 1545 i

24 1568 27 1575 ’
104 1574 375 1647 benedictionem
398 1592 417 1639 a
439 1569 587 1639 Domino
610 1577 644 1638 et
664 1566 932 1639 misericordiam
953 1587 973 1635 a
995 1564 1072 1636 Deo
1094 1565 1238 1639 salutari
1260 1590 1324 1640 sno
1343 1571 1402 1662 quia
1434 1634 1437 1647 ,

106 1678 191 1746 haec
212 1683 264 1746 est
286 1674 465 1765 generatio
484 1672 719 1764 quaerentium
736 1668 929 1739 Dominum.
970 1676 1008 1738 Et
1024 1676 1131 1737 dicitnr
1144 1677 1281 1740 Psatmns
1293 1674 1334 1740 2³
1350 1670 1402 1742 Do

104 1778 186 1848 mini
212 1784 265 1847 est
287 1784 379 1845 terra
407 1783 470 1844 etc,
515 1781 671 1861 Repetitnr
689 1779 858 1860 Antiphone
879 1769 944 1840 Hic
963 1771 1116 1864 accipiet.

207 1885 315 1948 Postea
333 1884 439 1945 dieitur
455 1871 563 1968 Kyrie
581 1874 730 1961 eleison,
750 1869 884 1944 Christe
902 1871 1050 1959 eleison,
1068 1868 1176 1966 Kyrie
1192 1872 1341 1962 eleison,
1357 1872 1406 1945 re

105 1990 159 2051 ter
191 1976 319 2048 Noster
347 1995 481 2054 secreto;
509 1986 626 2045 interim
648 2002 763 2064 cerpus
785 1985 925 2064 aspergit.
974 1954 1021 2061 Id
1046 1972 1091 2044 Et
1118 1997 1162 2045 ne
1189 1996 1256 2048 nos
1283 1976 1408 2050 indum

105 2085 140 2151 in
162 2081 392 2150 tentationem.
436 2081 479 2164 Dr.
503 2075 573 2147 Sed
594 2076 701 2147 libera
724 2098 788 2147 nos
810 2097 829 2145 a
850 2076 950 2148 malo.
994 2056 1041 2163 ΧΤ.
1066 2073 1123 2148 Me
1144 2088 1261 2149 autem
1283 2088 1409 2174 propter

105 2177 546 2270 innocentiamsuscepisti.
590 2181 633 2264 Dr.
660 2175 705 2246 Et
725 2175 931 2250 coniirmasti
955 2199 1009 2248 me
1034 2181 1069 2247 in
1095 2189 1287 2274 conspectu
1310 2182 1410 2251 tuoin

107 2294 291 2354 aeternum.
332 2259 381 2365 Χ]
410 2276 576 2348 Dominus
603 2275 792 2349 vobiscum.
835 2284 877 2368 Pp.
905 2279 950 2350 Et
972 2302 1048 2351 cnm
1070 2278 1200 2375 Spiritu
1224 2291 1295 2354 tuo.

210 2382 365 2454 Oremus.
422 2377 644 2474 Omnipotens
665 2389 699 2449 et
718 2380 893 2451 mitissime
913 2381 1022 2471 Deus,
1042 2383 1100 2477 qui
1121 2380 1280 2456 omnibus
1298 2405 1412 2479 parru-

108 2486 150 2560 iis
182 2488 310 2557 renatis
337 2482 433 2555 iente
459 2479 689 2576 baptismatis,
725 2480 803 2551 dum
830 2483 1021 2572 migrante
1050 2483 1213 2572 saeculo,
1245 2488 1322 2556 sine
1344 2485 1413 2559 ulte

108 2609 228 2660 eorum
255 2588 384 2658 meritis
411 2587 515 2656 vitam
541 2583 636 2653 illico
663 2582 801 2674 largiris
828 2592 1022 2672 aeternam,
1050 2588 1137 2656 sicut
1163 2590 1298 2658 animae
1326 2589 1414 2660 huius

108 2689 244 2786 parvuli
264 2686 367 2759 hodie
390 2684 561 2757 credimus
584 2694 618 2754 te
636 2682 782 2756 iecisse:
804 2682 860 2754 fac
880 2705 944 2758 nos
964 2705 1171 2779 quaesumus
1190 2687 1341 2760 Domine
1361 2709 1415 2784 pet

108 2793 391 2864 intercessionem
416 2786 538 2859 beatae
566 2783 698 2855 Mariae
719 2806 856 2879 semper
877 2784 1029 2879 Virginis
1053 2797 1087 2858 et
1110 2791 1257 2860 omnium
1276 2789 1413 2861 Sancto

107 2915 183 2964 rum
202 2903 338 2965 tuorum
358 2890 413 2961 hic
432 2887 617 2984 purificatis
636 2886 696 2957 tibi
718 2886 887 2959 mentibus
906 2886 1041 2961 famulis
1059 2898 1100 2959 et·
1113 2891 1148 2959 in
1165 2889 1333 2966 Paradiso
1347 2911 1410 2963 cum

107 2995 217 3066 beatis
235 2993 389 3089 parvulis
406 2992 603 3087 perenniter
620 2989 755 3062 sociari.
787 2989 855 3060 Per
873 2987 1043 3064 Christum
1054 2990 1239 3064 Dominum
1259 3005 1408 3067 nostmn

211 3106 286 3165 Dum
313 3112 449 3185 portatur
467 3101 504 3162 ad
526 3100 665 3162 tumulum
685 3109 715 3161 et
738 3101 850 3161 etiamsi
874 3110 945 3162 tunc
964 3111 1187 3182 aon-portetur
1211 3104 1321 3167 dicitur
1341 3104 1408 3166 dati·

110 3205 222 3284 phone:
250 3196 400 3269 Iuvenes
429 3205 463 3266 et
492 3195 647 3286 virgines
680 3214 784 3267 senes
813 3214 889 3263 curo
915 3193 1104 3269 iunioribus
1132 3194 1276 3269 iaudent
1301 3214 1408 3271 nomer

35 3324 44 3338 ·
109 3298 255 3369 Domini.
1060 3368 1063 3373 ,
1337 3355 1344 3369 .

212 3397 319 3493 Kyrie
339 3398 482 3473 eleison.
520 3394 655 3470 Christe
676 3397 820 3470 eleison.
855 3394 962 3492 Kyrie
984 3399 1128 3473 eleison.
1164 3397 1272 3472 Pater
1288 3397 1407 3472 Noster.

109 3483 156 3588 Χῖ.
184 3500 229 3571 Et
251 3523 295 3572 ne
317 3521 382 3573 nos
402 3501 544 3574 inducas
570 3502 604 3570 in
627 3502 856 3571 tentationem.
899 3504 942 3588 ip.
966 3498 1038 3572 Sed
1055 3500 1170 3574 libera
1190 3523 1257 3576 nos
1281 3525 1300 3573 a
1320 3496 1407 3573 malo

107 3585 155 3691 ΧΤ.
189 3603 298 3676 Sinite
325 3604 490 3696 parvulos
516 3603 638 3673 venire
665 3601 708 3671 ad
734 3623 799 3672 me.
851 3606 894 3693 ip.
924 3601 1057 3673 Talium
1083 3611 1136 3676 est
1162 3606 1256 3674 enim
1280 3621 1410 3697 reguum

110 3705 296 3778 coelorum.
344 3685 392 3790 ld
421 3705 587 3777 Dominus
614 3704 802 3776 vobiscum.
852 3708 895 3794 ip
923 3701 1071 3777 Etcum
1093 3706 1214 3800 spiritu
1238 3715 1306 3777 tuo.

213 3806 368 3880 Oremus.
410 3805 631 3901 Omnipotens
651 3808 856 3900 sempiterne
872 3804 982 3894 Deus,
1001 3815 1140 3879 sanctae
1158 3809 1315 3903 puritatis
1332 3824 1410 3877 ama·

109 3921 176 3995 torq
200 3915 257 4004 qui
283 3912 428 3979 animam
449 3906 548 3979 huius
575 3907 712 4001 parvuli
738 3907 782 3977 ad
799 3908 978 3979 coelorum
1001 3929 1145 4002 regnum
1165 3907 1273 3999 hodie
1294 3909 1412 3983 maeri

100 4012 260 4083 ‘corditer
287 4032 417 4084 vocare
441 4008 599 4101 dignatus
622 4031 673 4098 es,
700 4006 852 4101 digneris
875 4011 978 4081 etiam
1003 4008 1150 4085 Domine
1176 4015 1224 4083 itu
1247 4012 1413 4088 nobiscum

104 4189 299 4204 μ

171 4279 201 4355 l)
216 4284 314 4340 Psalmi
328 4287 374 4357 qai
386 4285 413 4341 in
424 4285 591 4357 sepeliendis
603 4286 730 4342 Parvulas
740 4290 891 4356 cantantur,
904 4300 998 4342 omnes
1011 4290 1074 4340 aunt
1082 4282 1344 4355 iaudisetdaetitiae,
1356 4297 1414 4357 pro

109 4374 170 4438 pter
192 4368 373 4436 innocentiam
388 4370 528 4442 Defuncti‚
552 4386 620 4442 quae
642 4383 769 4425 moerore
790 4385 844 4425 uon
866 4370 979 4440 indiget.
1010 4368 1185 4441 Quapropter
1205 4370 1234 4426 in
1250 4371 1305 4427 ilne
1318 4369 1414 4427 illem

107 4465 162 4505 non
184 4449 281 4507 dicitnr
296 4453 461 4524 Requiem
481 4462 660 4512 aeternam
676 4459 728 4508 etc.
745 4453 807 4525 quia
821 4455 874 4511 iarn
889 4455 985 4526 requie
999 4460 1111 4510 aeterna
1126 4453 1231 4511 animae
1244 4454 1355 4512 illoram
1367 4453 1414 4509 aa·

107 4539 197 4602 untur,
211 4536 260 4589 aad
273 4535 393 4591 Gloria
408 4538 501 4594 l’atri
518 4546 583 4610 eta,
598 4539 660 4611 qaia
673 4554 732 4595 cam
741 4538 831 4609 Patre,
843 4538 911 4596 Filio
922 4530 1169 4612 etspirituSaneto
1180 4538 1278 4597 rirunt
1288 4539 1317 4599 in
1328 4535 1415 4596 coedis
