<?xml version="1.0" encoding="UTF-8"?>
<!DOCTYPE html PUBLIC "-//W3C//DTD XHTML 1.0 Transitional//EN"
    "http://www.w3.org/TR/xhtml1/DTD/xhtml1-transitional.dtd">
<html xmlns="http://www.w3.org/1999/xhtml" xml:lang="en" lang="en">
 <head>
  <title>
</title>
<meta http-equiv="Content-Type" content="text/html;charset=utf-8" />
  <meta name='ocr-system' content='tesseract 3.04.00' />
  <meta name='ocr-capabilities' content='ocr_page ocr_carea ocr_par ocr_line ocrx_word'/>
</head>
<body>
  <div class='ocr_page' id='page_1' title='image "./codexliturgicus03danigoog_0411.png"; bbox 0 0 3046 4942; ppageno 0'>
   <div class='ocr_carea' id='block_1_1' title="bbox 789 315 863 392">
    <p class='ocr_par' dir='ltr' id='par_1_1' title="bbox 789 315 863 392">
     <span class='ocr_line' id='line_1_1' title="bbox 789 315 863 392; baseline -0.027 -4"><span class='ocrx_word' id='word_1_1' title='bbox 789 315 863 392; x_wconf 77' lang='lat'><strong>392</strong></span> 
     </span>
    </p>
   </div>
   <div class='ocr_carea' id='block_1_2' title="bbox 280 502 1470 588">
    <p class='ocr_par' dir='ltr' id='par_1_2' title="bbox 280 502 1470 588">
     <span class='ocr_line' id='line_1_2' title="bbox 280 502 1470 588; baseline -0.008 -13"><span class='ocrx_word' id='word_1_2' title='bbox 280 513 375 576; x_wconf 83' lang='lat' dir='ltr'><strong>Finita</strong></span> <span class='ocrx_word' id='word_1_3' title='bbox 389 511 471 573; x_wconf 85' lang='lat' dir='ltr'><strong>Nona</strong></span> <span class='ocrx_word' id='word_1_4' title='bbox 484 507 632 571; x_wconf 73' lang='lat' dir='ltr'><strong>Sacerdos</strong></span> <span class='ocrx_word' id='word_1_5' title='bbox 650 506 768 569; x_wconf 83' lang='lat' dir='ltr'><strong>indutos</strong></span> <span class='ocrx_word' id='word_1_6' title='bbox 782 505 904 588; x_wconf 81' lang='lat' dir='ltr'><strong>pluuiali</strong></span> <span class='ocrx_word' id='word_1_7' title='bbox 918 503 1054 568; x_wconf 76' lang='lat' dir='ltr'><strong>violaceo</strong></span> <span class='ocrx_word' id='word_1_8' title='bbox 1067 502 1116 567; x_wconf 82' lang='lat' dir='ltr'><strong>rel</strong></span> <span class='ocrx_word' id='word_1_9' title='bbox 1130 506 1197 567; x_wconf 82' lang='lat' dir='ltr'><strong>sine</strong></span> <span class='ocrx_word' id='word_1_10' title='bbox 1210 503 1314 566; x_wconf 72' lang='lat' dir='ltr'><strong>maula</strong></span> <span class='ocrx_word' id='word_1_11' title='bbox 1328 520 1391 566; x_wconf 79' lang='lat' dir='ltr'><strong>cun</strong></span> <span class='ocrx_word' id='word_1_12' title='bbox 1402 504 1470 567; x_wconf 84' lang='lat' dir='ltr'><strong>niui-</strong></span> 
     </span>
    </p>
   </div>
   <div class='ocr_carea' id='block_1_3' title="bbox 179 607 1517 692">
    <p class='ocr_par' dir='ltr' id='par_1_3' title="bbox 179 607 1517 692">
     <span class='ocr_line' id='line_1_3' title="bbox 179 607 1517 692; baseline -0.01 -10"><span class='ocrx_word' id='word_1_13' title='bbox 179 619 247 681; x_wconf 86' lang='lat' dir='ltr'><strong>stris</strong></span> <span class='ocrx_word' id='word_1_14' title='bbox 269 615 407 677; x_wconf 84' lang='lat' dir='ltr'><strong>similiter</strong></span> <span class='ocrx_word' id='word_1_15' title='bbox 428 612 537 675; x_wconf 82' lang='lat' dir='ltr'><strong>indutis</strong></span> <span class='ocrx_word' id='word_1_16' title='bbox 556 612 693 692; x_wconf 74' lang='lat' dir='ltr'>procedit</span> <span class='ocrx_word' id='word_1_17' title='bbox 712 609 748 672; x_wconf 88' lang='lat' dir='ltr'><strong>ad</strong></span> <span class='ocrx_word' id='word_1_18' title='bbox 769 608 1000 671; x_wconf 85' lang='lat' dir='ltr'><strong>benedicendum</strong></span> <span class='ocrx_word' id='word_1_19' title='bbox 1021 608 1138 669; x_wconf 83' lang='lat' dir='ltr'><strong>cineras</strong></span> <span class='ocrx_word' id='word_1_20' title='bbox 1151 608 1182 668; x_wconf 92' lang='lat' dir='ltr'><strong>in</strong></span> <span class='ocrx_word' id='word_1_21' title='bbox 1194 625 1270 668; x_wconf 80' lang='lat' dir='ltr'><strong>vaso</strong></span> <span class='ocrx_word' id='word_1_22' title='bbox 1285 607 1382 689; x_wconf 75' lang='lat' dir='ltr'><strong>aliquo</strong></span> <span class='ocrx_word' id='word_1_23' title='bbox 1394 624 1473 690; x_wconf 85' lang='lat' dir='ltr'><strong>super</strong></span> <span class='ocrx_word' id='word_1_24' title='bbox 1516 631 1517 637; x_wconf 47' lang='lat'>¹</span> 
     </span>
    </p>
   </div>
   <div class='ocr_carea' id='block_1_4' title="bbox 177 699 1474 1109">
    <p class='ocr_par' dir='ltr' id='par_1_4' title="bbox 177 699 1474 1109">
     <span class='ocr_line' id='line_1_4' title="bbox 179 699 1474 798; baseline -0.005 -17"><span class='ocrx_word' id='word_1_25' title='bbox 179 721 269 782; x_wconf 90' lang='lat' dir='ltr'><strong>altare</strong></span> <span class='ocrx_word' id='word_1_26' title='bbox 289 719 413 798; x_wconf 88' lang='lat' dir='ltr'><strong>positos.</strong></span> <span class='ocrx_word' id='word_1_27' title='bbox 451 714 489 776; x_wconf 88' lang='lat' dir='ltr'><strong>Et</strong></span> <span class='ocrx_word' id='word_1_28' title='bbox 510 717 603 796; x_wconf 88' lang='lat' dir='ltr'><strong>primo</strong></span> <span class='ocrx_word' id='word_1_29' title='bbox 626 733 642 776; x_wconf 88' lang='lat' dir='ltr'><strong>a</strong></span> <span class='ocrx_word' id='word_1_30' title='bbox 662 713 761 776; x_wconf 86' lang='lat' dir='ltr'><strong>Cboro</strong></span> <span class='ocrx_word' id='word_1_31' title='bbox 785 719 916 774; x_wconf 87' lang='lat' dir='ltr'><strong>cantatur</strong></span> <span class='ocrx_word' id='word_1_32' title='bbox 934 709 1116 790; x_wconf 70' lang='lat' dir='ltr'><strong>Antiphone:</strong></span> <span class='ocrx_word' id='word_1_33' title='bbox 1143 699 1287 774; x_wconf 80' lang='lat' dir='ltr'><strong>Exaudi</strong></span> <span class='ocrx_word' id='word_1_34' title='bbox 1304 722 1365 775; x_wconf 80' lang='lat' dir='ltr'><strong>nos</strong></span> <span class='ocrx_word' id='word_1_35' title='bbox 1384 700 1474 775; x_wconf 69' lang='lat' dir='ltr'><strong>Dent</strong></span> 
     </span>
     <span class='ocr_line' id='line_1_5' title="bbox 179 798 1474 908; baseline -0.008 -24"><span class='ocrx_word' id='word_1_36' title='bbox 179 814 256 908; x_wconf 92' lang='lat' dir='ltr'><strong>quia</strong></span> <span class='ocrx_word' id='word_1_37' title='bbox 273 811 421 903; x_wconf 89' lang='lat' dir='ltr'><strong>benigna</strong></span> <span class='ocrx_word' id='word_1_38' title='bbox 448 817 500 882; x_wconf 92' lang='lat' dir='ltr'><strong>est</strong></span> <span class='ocrx_word' id='word_1_39' title='bbox 519 806 753 881; x_wconf 83' lang='lat' dir='ltr'><strong>misericordia</strong></span> <span class='ocrx_word' id='word_1_40' title='bbox 773 815 849 877; x_wconf 83' lang='lat' dir='ltr'><strong>tua:</strong></span> <span class='ocrx_word' id='word_1_41' title='bbox 869 803 1055 877; x_wconf 89' lang='lat' dir='ltr'><strong>secundum</strong></span> <span class='ocrx_word' id='word_1_42' title='bbox 1077 798 1327 876; x_wconf 75' lang='lat' dir='ltr'><strong>multitudinem</strong></span> <span class='ocrx_word' id='word_1_43' title='bbox 1343 806 1474 877; x_wconf 87' lang='lat' dir='ltr'><strong>misera-</strong></span> 
     </span>
     <span class='ocr_line' id='line_1_6' title="bbox 177 904 1473 1006; baseline -0.008 -19"><span class='ocrx_word' id='word_1_44' title='bbox 177 919 305 988; x_wconf 90' lang='lat' dir='ltr'><strong>tionum</strong></span> <span class='ocrx_word' id='word_1_45' title='bbox 322 923 455 984; x_wconf 89' lang='lat' dir='ltr'><strong>tuarum</strong></span> <span class='ocrx_word' id='word_1_46' title='bbox 471 912 606 1006; x_wconf 85' lang='lat' dir='ltr'><strong>respice</strong></span> <span class='ocrx_word' id='word_1_47' title='bbox 622 931 686 982; x_wconf 90' lang='lat' dir='ltr'><strong>nos</strong></span> <span class='ocrx_word' id='word_1_48' title='bbox 704 907 858 980; x_wconf 84' lang='lat' dir='ltr'><strong>Domine.</strong></span> <span class='ocrx_word' id='word_1_49' title='bbox 899 904 1041 979; x_wconf 82' lang='lat' dir='ltr'><strong>Salvum</strong></span> <span class='ocrx_word' id='word_1_50' title='bbox 1058 927 1115 978; x_wconf 91' lang='lat' dir='ltr'><strong>me</strong></span> <span class='ocrx_word' id='word_1_51' title='bbox 1133 905 1188 977; x_wconf 87' lang='lat' dir='ltr'><strong>iac</strong></span> <span class='ocrx_word' id='word_1_52' title='bbox 1212 905 1313 980; x_wconf 81' lang='lat' dir='ltr'><strong>Deus</strong></span> <span class='ocrx_word' id='word_1_53' title='bbox 1329 909 1473 1002; x_wconf 82' lang='lat' dir='ltr'><strong>quoniam</strong></span> 
     </span>
     <span class='ocr_line' id='line_1_7' title="bbox 177 1005 1473 1109; baseline -0.006 -21"><span class='ocrx_word' id='word_1_54' title='bbox 177 1020 389 1089; x_wconf 82' lang='lat' dir='ltr'><strong>intraverunt</strong></span> <span class='ocrx_word' id='word_1_55' title='bbox 408 1034 517 1109; x_wconf 90' lang='lat' dir='ltr'><strong>aquae</strong></span> <span class='ocrx_word' id='word_1_56' title='bbox 538 1033 648 1105; x_wconf 88' lang='lat' dir='ltr'><strong>usque</strong></span> <span class='ocrx_word' id='word_1_57' title='bbox 670 1010 712 1081; x_wconf 90' lang='lat' dir='ltr'><strong>ad</strong></span> <span class='ocrx_word' id='word_1_58' title='bbox 731 1014 873 1082; x_wconf 81' lang='lat' dir='ltr'><strong>ammam</strong></span> <span class='ocrx_word' id='word_1_59' title='bbox 894 1027 1003 1080; x_wconf 87' lang='lat' dir='ltr'><strong>meam</strong></span> <span class='ocrx_word' id='word_1_60' title='bbox 1027 1005 1145 1081; x_wconf 78' lang='lat' dir='ltr'><strong>Gloria</strong></span> <span class='ocrx_word' id='word_1_61' title='bbox 1166 1008 1262 1080; x_wconf 84' lang='lat' dir='ltr'><strong>Patri</strong></span> <span class='ocrx_word' id='word_1_62' title='bbox 1283 1019 1346 1082; x_wconf 78' lang='lat' dir='ltr'><strong>etc</strong></span> <span class='ocrx_word' id='word_1_63' title='bbox 1381 1017 1473 1081; x_wconf 73' lang='lat' dir='ltr'><strong>titre</strong></span> 
     </span>
    </p>
   </div>
   <div class='ocr_carea' id='block_1_5' title="bbox 177 1112 1517 1211">
    <p class='ocr_par' dir='ltr' id='par_1_5' title="bbox 177 1112 1517 1211">
     <span class='ocr_line' id='line_1_8' title="bbox 177 1112 1517 1211; baseline -0.007 -21"><span class='ocrx_word' id='word_1_64' title='bbox 177 1130 301 1211; x_wconf 89' lang='lat' dir='ltr'><strong>petitur:</strong></span> <span class='ocrx_word' id='word_1_65' title='bbox 324 1115 460 1190; x_wconf 83' lang='lat' dir='ltr'><strong>Exaudi</strong></span> <span class='ocrx_word' id='word_1_66' title='bbox 468 1122 585 1185; x_wconf 59' lang='lat' dir='ltr'><strong>⁴lleiode</strong></span> <span class='ocrx_word' id='word_1_67' title='bbox 599 1122 745 1183; x_wconf 85' lang='lat' dir='ltr'><strong>Sacerdos</strong></span> <span class='ocrx_word' id='word_1_68' title='bbox 765 1123 795 1183; x_wconf 89' lang='lat' dir='ltr'><strong>in</strong></span> <span class='ocrx_word' id='word_1_69' title='bbox 816 1139 907 1184; x_wconf 85' lang='lat' dir='ltr'><strong>cornu</strong></span> <span class='ocrx_word' id='word_1_70' title='bbox 921 1120 1074 1202; x_wconf 81' lang='lat' dir='ltr'><strong>Epistulae</strong></span> <span class='ocrx_word' id='word_1_71' title='bbox 1094 1139 1152 1182; x_wconf 89' lang='lat' dir='ltr'><strong>non</strong></span> <span class='ocrx_word' id='word_1_72' title='bbox 1174 1129 1301 1183; x_wconf 79' lang='lat' dir='ltr'><strong>vertens</strong></span> <span class='ocrx_word' id='word_1_73' title='bbox 1321 1139 1356 1183; x_wconf 86' lang='lat' dir='ltr'><strong>sa</strong></span> <span class='ocrx_word' id='word_1_74' title='bbox 1372 1119 1408 1183; x_wconf 84' lang='lat' dir='ltr'><strong>al</strong></span> <span class='ocrx_word' id='word_1_75' title='bbox 1427 1139 1473 1202; x_wconf 83' lang='lat' dir='ltr'><strong>po</strong></span> <span class='ocrx_word' id='word_1_76' title='bbox 1513 1112 1517 1161; x_wconf 78' lang='lat' dir='ltr'><strong>t</strong></span> 
     </span>
    </p>
   </div>
   <div class='ocr_carea' id='block_1_6' title="bbox 178 1213 1472 1619">
    <p class='ocr_par' dir='ltr' id='par_1_6' title="bbox 179 1213 1470 1313">
     <span class='ocr_line' id='line_1_9' title="bbox 179 1213 1470 1313; baseline -0.007 -20"><span class='ocrx_word' id='word_1_77' title='bbox 179 1231 277 1313; x_wconf 70' lang='lat' dir='ltr'><strong>put-</strong></span> <span class='ocrx_word' id='word_1_78' title='bbox 298 1228 431 1291; x_wconf 80' lang='lat' dir='ltr'><strong>naribus</strong></span> <span class='ocrx_word' id='word_1_79' title='bbox 445 1228 551 1288; x_wconf 78' lang='lat' dir='ltr'><strong>iunctis</strong></span> <span class='ocrx_word' id='word_1_80' title='bbox 564 1225 647 1286; x_wconf 82' lang='lat' dir='ltr'><strong>dicit:</strong></span> <span class='ocrx_word' id='word_1_81' title='bbox 667 1215 832 1288; x_wconf 87' lang='lat' dir='ltr'><strong>Dominus</strong></span> <span class='ocrx_word' id='word_1_82' title='bbox 845 1213 1032 1288; x_wconf 84' lang='lat' dir='ltr'><strong>vobiscum.</strong></span> <span class='ocrx_word' id='word_1_83' title='bbox 1065 1218 1108 1307; x_wconf 65' lang='lat' dir='ltr'><strong>ip.</strong></span> <span class='ocrx_word' id='word_1_84' title='bbox 1126 1213 1268 1285; x_wconf 83' lang='lat' dir='ltr'><strong>Etcum</strong></span> <span class='ocrx_word' id='word_1_85' title='bbox 1283 1216 1401 1311; x_wconf 86' lang='lat' dir='ltr'><strong>spiritu</strong></span> <span class='ocrx_word' id='word_1_86' title='bbox 1413 1224 1470 1286; x_wconf 88' lang='lat' dir='ltr'><strong>tuo.</strong></span> 
     </span>
    </p>

    <p class='ocr_par' dir='ltr' id='par_1_7' title="bbox 178 1316 1472 1619">
     <span class='ocr_line' id='line_1_10' title="bbox 282 1316 1472 1417; baseline -0.003 -24"><span class='ocrx_word' id='word_1_87' title='bbox 282 1321 435 1393; x_wconf 86' lang='lat' dir='ltr'><strong>Oremus.</strong></span> <span class='ocrx_word' id='word_1_88' title='bbox 481 1318 702 1417; x_wconf 75' lang='lat' dir='ltr'><strong>Omnipotens</strong></span> <span class='ocrx_word' id='word_1_89' title='bbox 727 1319 932 1413; x_wconf 87' lang='lat' dir='ltr'><strong>sempiterne</strong></span> <span class='ocrx_word' id='word_1_90' title='bbox 958 1316 1067 1407; x_wconf 78' lang='lat' dir='ltr'><strong>Deus,</strong></span> <span class='ocrx_word' id='word_1_91' title='bbox 1092 1338 1197 1412; x_wconf 89' lang='lat' dir='ltr'><strong>parce</strong></span> <span class='ocrx_word' id='word_1_92' title='bbox 1217 1316 1472 1411; x_wconf 87' lang='lat' dir='ltr'><strong>poenitentibus,</strong></span> 
     </span>
     <span class='ocr_line' id='line_1_11' title="bbox 178 1418 1472 1523; baseline -0.005 -26"><span class='ocrx_word' id='word_1_93' title='bbox 178 1427 363 1523; x_wconf 89' lang='lat' dir='ltr'><strong>propitiare</strong></span> <span class='ocrx_word' id='word_1_94' title='bbox 380 1420 662 1518; x_wconf 81' lang='lat' dir='ltr'><strong>supplicantibus:</strong></span> <span class='ocrx_word' id='word_1_95' title='bbox 682 1429 715 1492; x_wconf 91' lang='lat' dir='ltr'><strong>ct</strong></span> <span class='ocrx_word' id='word_1_96' title='bbox 731 1422 864 1491; x_wconf 87' lang='lat' dir='ltr'><strong>mittere</strong></span> <span class='ocrx_word' id='word_1_97' title='bbox 882 1419 1034 1511; x_wconf 86' lang='lat' dir='ltr'><strong>digneris</strong></span> <span class='ocrx_word' id='word_1_98' title='bbox 1050 1429 1203 1493; x_wconf 84' lang='lat' dir='ltr'><strong>sanctum</strong></span> <span class='ocrx_word' id='word_1_99' title='bbox 1215 1418 1381 1513; x_wconf 85' lang='lat' dir='ltr'><strong>angelum</strong></span> <span class='ocrx_word' id='word_1_100' title='bbox 1392 1430 1472 1491; x_wconf 88' lang='lat' dir='ltr'><strong>tuum</strong></span> 
     </span>
     <span class='ocr_line' id='line_1_12' title="bbox 180 1520 1471 1619; baseline -0.005 -20"><span class='ocrx_word' id='word_1_101' title='bbox 180 1528 223 1599; x_wconf 93' lang='lat' dir='ltr'><strong>de</strong></span> <span class='ocrx_word' id='word_1_102' title='bbox 246 1525 367 1613; x_wconf 72' lang='lat' dir='ltr'><strong>coebs,</strong></span> <span class='ocrx_word' id='word_1_103' title='bbox 389 1527 446 1619; x_wconf 93' lang='lat' dir='ltr'><strong>qui</strong></span> <span class='ocrx_word' id='word_1_104' title='bbox 466 1520 705 1613; x_wconf 79' lang='lat' dir='ltr'><strong>bene†dicat,</strong></span> <span class='ocrx_word' id='word_1_105' title='bbox 729 1532 762 1594; x_wconf 87' lang='lat' dir='ltr'><strong>et</strong></span> <span class='ocrx_word' id='word_1_106' title='bbox 784 1521 1013 1615; x_wconf 64' lang='lat' dir='ltr'><strong>sanctii-ficet</strong></span> <span class='ocrx_word' id='word_1_107' title='bbox 1033 1520 1097 1596; x_wconf 90' lang='lat' dir='ltr'><strong>bos</strong></span> <span class='ocrx_word' id='word_1_108' title='bbox 1116 1524 1266 1611; x_wconf 82' lang='lat' dir='ltr'><strong>cineres,</strong></span> <span class='ocrx_word' id='word_1_109' title='bbox 1286 1531 1325 1594; x_wconf 93' lang='lat' dir='ltr'><strong>ut</strong></span> <span class='ocrx_word' id='word_1_110' title='bbox 1346 1525 1409 1598; x_wconf 90' lang='lat' dir='ltr'><strong>sint</strong></span> <span class='ocrx_word' id='word_1_111' title='bbox 1425 1542 1471 1593; x_wconf 87' lang='lat' dir='ltr'><strong>re-</strong></span> 
     </span>
    </p>
   </div>
   <div class='ocr_carea' id='block_1_7' title="bbox 177 1623 1517 2030">
    <p class='ocr_par' dir='ltr' id='par_1_8' title="bbox 177 1623 1517 2030">
     <span class='ocr_line' id='line_1_13' title="bbox 179 1623 1517 1720; baseline -0.003 -20"><span class='ocrx_word' id='word_1_112' title='bbox 179 1629 326 1701; x_wconf 90' lang='lat' dir='ltr'><strong>medium</strong></span> <span class='ocrx_word' id='word_1_113' title='bbox 346 1626 484 1701; x_wconf 90' lang='lat' dir='ltr'><strong>salubre</strong></span> <span class='ocrx_word' id='word_1_114' title='bbox 505 1624 659 1698; x_wconf 91' lang='lat' dir='ltr'><strong>omuibus</strong></span> <span class='ocrx_word' id='word_1_115' title='bbox 681 1646 806 1697; x_wconf 91' lang='lat' dir='ltr'><strong>nomen</strong></span> <span class='ocrx_word' id='word_1_116' title='bbox 826 1634 980 1699; x_wconf 90' lang='lat' dir='ltr'><strong>sanctum</strong></span> <span class='ocrx_word' id='word_1_117' title='bbox 1000 1634 1093 1697; x_wconf 91' lang='lat' dir='ltr'><strong>tuum</strong></span> <span class='ocrx_word' id='word_1_118' title='bbox 1112 1623 1288 1696; x_wconf 85' lang='lat' dir='ltr'><strong>humiliter</strong></span> <span class='ocrx_word' id='word_1_119' title='bbox 1303 1626 1471 1720; x_wconf 87' lang='lat' dir='ltr'><strong>imploran-</strong></span> <span class='ocrx_word' id='word_1_120' title='bbox 1515 1708 1517 1715; x_wconf 25' lang='lat'><strong><em>¹</em></strong></span> 
     </span>
     <span class='ocr_line' id='line_1_14' title="bbox 177 1727 1517 1825; baseline -0.001 -22"><span class='ocrx_word' id='word_1_121' title='bbox 177 1731 266 1803; x_wconf 92' lang='lat' dir='ltr'><strong>tibus</strong></span> <span class='ocrx_word' id='word_1_122' title='bbox 295 1751 336 1799; x_wconf 92' lang='lat' dir='ltr'><strong>ac</strong></span> <span class='ocrx_word' id='word_1_123' title='bbox 360 1731 563 1825; x_wconf 88' lang='lat' dir='ltr'><strong>semctipsos</strong></span> <span class='ocrx_word' id='word_1_124' title='bbox 595 1751 658 1822; x_wconf 91' lang='lat' dir='ltr'><strong>pro</strong></span> <span class='ocrx_word' id='word_1_125' title='bbox 685 1730 892 1800; x_wconf 87' lang='lat' dir='ltr'><strong>conscientia</strong></span> <span class='ocrx_word' id='word_1_126' title='bbox 914 1727 1115 1799; x_wconf 90' lang='lat' dir='ltr'><strong>delictorum</strong></span> <span class='ocrx_word' id='word_1_127' title='bbox 1135 1748 1279 1802; x_wconf 90' lang='lat' dir='ltr'><strong>suorum</strong></span> <span class='ocrx_word' id='word_1_128' title='bbox 1297 1728 1473 1801; x_wconf 75' lang='lat' dir='ltr'><strong>ocemund</strong></span> <span class='ocrx_word' id='word_1_129' title='bbox 1515 1790 1517 1809; x_wconf 28' lang='grc' dir='ltr'><strong><em>ς</em></strong></span> 
     </span>
     <span class='ocr_line' id='line_1_15' title="bbox 179 1820 1517 1927; baseline -0.003 -23"><span class='ocrx_word' id='word_1_130' title='bbox 179 1832 255 1919; x_wconf 82' lang='lat' dir='ltr'><strong>bus,</strong></span> <span class='ocrx_word' id='word_1_131' title='bbox 281 1840 359 1902; x_wconf 88' lang='lat' dir='ltr'><strong>anto</strong></span> <span class='ocrx_word' id='word_1_132' title='bbox 382 1840 604 1927; x_wconf 87' lang='lat' dir='ltr'><strong>conspectum</strong></span> <span class='ocrx_word' id='word_1_133' title='bbox 626 1830 760 1901; x_wconf 85' lang='lat' dir='ltr'><strong>divinae</strong></span> <span class='ocrx_word' id='word_1_134' title='bbox 782 1830 982 1901; x_wconf 88' lang='lat' dir='ltr'><strong>clementiae</strong></span> <span class='ocrx_word' id='word_1_135' title='bbox 1004 1840 1083 1901; x_wconf 90' lang='lat' dir='ltr'><strong>tuae</strong></span> <span class='ocrx_word' id='word_1_136' title='bbox 1105 1827 1261 1902; x_wconf 87' lang='lat' dir='ltr'><strong>facinora</strong></span> <span class='ocrx_word' id='word_1_137' title='bbox 1283 1853 1348 1904; x_wconf 88' lang='lat' dir='ltr'><strong>suu</strong></span> <span class='ocrx_word' id='word_1_138' title='bbox 1369 1829 1474 1926; x_wconf 79' lang='lat' dir='ltr'><strong>deplo</strong></span> <span class='ocrx_word' id='word_1_139' title='bbox 1515 1820 1517 1913; x_wconf 63' lang='grc' dir='ltr'>ἶ</span> 
     </span>
     <span class='ocr_line' id='line_1_16' title="bbox 178 1929 1517 2030; baseline -0.002 -24"><span class='ocrx_word' id='word_1_140' title='bbox 178 1934 342 2020; x_wconf 75' lang='lat' dir='ltr'><strong>rantibus,</strong></span> <span class='ocrx_word' id='word_1_141' title='bbox 368 1933 427 2004; x_wconf 85' lang='lat' dir='ltr'><strong>vel</strong></span> <span class='ocrx_word' id='word_1_142' title='bbox 448 1936 698 2006; x_wconf 87' lang='lat' dir='ltr'><strong>serenissimam</strong></span> <span class='ocrx_word' id='word_1_143' title='bbox 718 1935 874 2027; x_wconf 83' lang='lat' dir='ltr'><strong>pietatem</strong></span> <span class='ocrx_word' id='word_1_144' title='bbox 896 1943 984 2003; x_wconf 91' lang='lat' dir='ltr'><strong>tuam</strong></span> <span class='ocrx_word' id='word_1_145' title='bbox 1000 1931 1198 2028; x_wconf 87' lang='lat' dir='ltr'><strong>suppliciter</strong></span> <span class='ocrx_word' id='word_1_146' title='bbox 1215 1931 1413 2030; x_wconf 81' lang='lat' dir='ltr'><strong>obnixeque</strong></span> <span class='ocrx_word' id='word_1_147' title='bbox 1425 1929 1475 2003; x_wconf 72' lang='lat' dir='ltr'><strong>be</strong></span> <span class='ocrx_word' id='word_1_148' title='bbox 1515 1987 1517 2004; x_wconf 92' lang='grc'><strong>.</strong></span> 
     </span>
    </p>
   </div>
   <div class='ocr_carea' id='block_1_8' title="bbox 112 2035 1477 2950">
    <p class='ocr_par' dir='ltr' id='par_1_9' title="bbox 112 2035 1477 2950">
     <span class='ocr_line' id='line_1_17' title="bbox 179 2035 1476 2129; baseline 0 -24"><span class='ocrx_word' id='word_1_149' title='bbox 179 2035 378 2129; x_wconf 85' lang='lat' dir='ltr'><strong>gitantibus:</strong></span> <span class='ocrx_word' id='word_1_150' title='bbox 402 2043 437 2104; x_wconf 89' lang='lat' dir='ltr'><strong>et</strong></span> <span class='ocrx_word' id='word_1_151' title='bbox 458 2043 595 2128; x_wconf 89' lang='lat' dir='ltr'><strong>praesta</strong></span> <span class='ocrx_word' id='word_1_152' title='bbox 623 2055 687 2129; x_wconf 89' lang='lat' dir='ltr'><strong>per</strong></span> <span class='ocrx_word' id='word_1_153' title='bbox 706 2036 957 2105; x_wconf 81' lang='lat' dir='ltr'><strong>invocationem</strong></span> <span class='ocrx_word' id='word_1_154' title='bbox 975 2036 1177 2108; x_wconf 88' lang='lat' dir='ltr'><strong>sanctissimi</strong></span> <span class='ocrx_word' id='word_1_155' title='bbox 1197 2038 1344 2109; x_wconf 87' lang='lat' dir='ltr'><strong>nominis</strong></span> <span class='ocrx_word' id='word_1_156' title='bbox 1365 2037 1426 2125; x_wconf 89' lang='lat' dir='ltr'><strong>tui,</strong></span> <span class='ocrx_word' id='word_1_157' title='bbox 1445 2041 1476 2105; x_wconf 92' lang='lat' dir='ltr'><strong>ut</strong></span> 
     </span>
     <span class='ocr_line' id='line_1_18' title="bbox 112 2129 1475 2233; baseline 0.002 -27"><span class='ocrx_word' id='word_1_158' title='bbox 112 2129 117 2137; x_wconf 79' lang='grc'><em>’</em></span> <span class='ocrx_word' id='word_1_159' title='bbox 180 2141 371 2231; x_wconf 85' lang='lat' dir='ltr'><strong>quicunque</strong></span> <span class='ocrx_word' id='word_1_160' title='bbox 398 2157 462 2230; x_wconf 89' lang='lat' dir='ltr'><strong>per</strong></span> <span class='ocrx_word' id='word_1_161' title='bbox 489 2156 551 2206; x_wconf 90' lang='lat' dir='ltr'><strong>cos</strong></span> <span class='ocrx_word' id='word_1_162' title='bbox 579 2136 710 2228; x_wconf 86' lang='lat' dir='ltr'><strong>aspersi</strong></span> <span class='ocrx_word' id='word_1_163' title='bbox 738 2133 883 2225; x_wconf 78' lang='lat' dir='ltr'><strong>fuerint,</strong></span> <span class='ocrx_word' id='word_1_164' title='bbox 907 2158 970 2231; x_wconf 93' lang='lat' dir='ltr'><strong>pro</strong></span> <span class='ocrx_word' id='word_1_165' title='bbox 999 2136 1235 2233; x_wconf 85' lang='lat' dir='ltr'><strong>redemptione</strong></span> <span class='ocrx_word' id='word_1_166' title='bbox 1261 2147 1475 2233; x_wconf 86' lang='lat' dir='ltr'><strong>peccatorum</strong></span> 
     </span>
     <span class='ocr_line' id='line_1_19' title="bbox 179 2234 1442 2336; baseline 0 -26"><span class='ocrx_word' id='word_1_167' title='bbox 179 2259 319 2311; x_wconf 93' lang='lat' dir='ltr'><strong>suorum</strong></span> <span class='ocrx_word' id='word_1_168' title='bbox 338 2238 494 2331; x_wconf 71' lang='lat' dir='ltr'><strong>camaris</strong></span> <span class='ocrx_word' id='word_1_169' title='bbox 516 2238 692 2309; x_wconf 87' lang='lat' dir='ltr'><strong>sanitatem</strong></span> <span class='ocrx_word' id='word_1_170' title='bbox 719 2246 753 2308; x_wconf 90' lang='lat' dir='ltr'><strong>et</strong></span> <span class='ocrx_word' id='word_1_171' title='bbox 775 2239 905 2308; x_wconf 88' lang='lat' dir='ltr'><strong>animae</strong></span> <span class='ocrx_word' id='word_1_172' title='bbox 927 2239 1068 2311; x_wconf 87' lang='lat' dir='ltr'><strong>tutelam</strong></span> <span class='ocrx_word' id='word_1_173' title='bbox 1088 2242 1282 2336; x_wconf 82' lang='lat' dir='ltr'><strong>percipient</strong></span> <span class='ocrx_word' id='word_1_174' title='bbox 1321 2234 1442 2334; x_wconf 85' lang='lat' dir='ltr'><strong>Per.¹)</strong></span> 
     </span>
     <span class='ocr_line' id='line_1_20' title="bbox 280 2338 1477 2439; baseline 0.002 -29"><span class='ocrx_word' id='word_1_175' title='bbox 280 2339 376 2412; x_wconf 88' lang='lat' dir='ltr'><strong>Deus</strong></span> <span class='ocrx_word' id='word_1_176' title='bbox 394 2341 451 2433; x_wconf 93' lang='lat' dir='ltr'><strong>qui</strong></span> <span class='ocrx_word' id='word_1_177' title='bbox 466 2359 537 2409; x_wconf 89' lang='lat' dir='ltr'><strong>non</strong></span> <span class='ocrx_word' id='word_1_178' title='bbox 552 2347 697 2409; x_wconf 88' lang='lat' dir='ltr'><strong>mortem</strong></span> <span class='ocrx_word' id='word_1_179' title='bbox 716 2338 776 2411; x_wconf 89' lang='lat' dir='ltr'><strong>sed</strong></span> <span class='ocrx_word' id='word_1_180' title='bbox 793 2342 1035 2434; x_wconf 87' lang='lat' dir='ltr'><strong>poenitentiam</strong></span> <span class='ocrx_word' id='word_1_181' title='bbox 1051 2339 1228 2416; x_wconf 86' lang='lat' dir='ltr'><strong>desideras</strong></span> <span class='ocrx_word' id='word_1_182' title='bbox 1244 2351 1477 2439; x_wconf 81' lang='lat' dir='ltr'><strong>peccatornrnr</strong></span> 
     </span>
     <span class='ocr_line' id='line_1_21' title="bbox 178 2439 1476 2540; baseline -0.002 -25"><span class='ocrx_word' id='word_1_183' title='bbox 178 2443 396 2538; x_wconf 79' lang='lat' dir='ltr'><strong>fragilitatem</strong></span> <span class='ocrx_word' id='word_1_184' title='bbox 420 2440 622 2514; x_wconf 89' lang='lat' dir='ltr'><strong>conditionis</strong></span> <span class='ocrx_word' id='word_1_185' title='bbox 648 2439 815 2512; x_wconf 86' lang='lat' dir='ltr'><strong>humanae</strong></span> <span class='ocrx_word' id='word_1_186' title='bbox 839 2441 1081 2534; x_wconf 79' lang='lat' dir='ltr'><strong>benignissime</strong></span> <span class='ocrx_word' id='word_1_187' title='bbox 1106 2446 1278 2540; x_wconf 69' lang='lat' dir='ltr'><strong>respice;,</strong></span> <span class='ocrx_word' id='word_1_188' title='bbox 1291 2455 1325 2516; x_wconf 91' lang='lat' dir='ltr'><strong>et</strong></span> <span class='ocrx_word' id='word_1_189' title='bbox 1347 2444 1413 2518; x_wconf 90' lang='lat' dir='ltr'><strong>bos</strong></span> <span class='ocrx_word' id='word_1_190' title='bbox 1434 2445 1476 2514; x_wconf 91' lang='lat' dir='ltr'><strong>ci-</strong></span> 
     </span>
     <span class='ocr_line' id='line_1_22' title="bbox 177 2537 1477 2642; baseline -0.002 -24"><span class='ocrx_word' id='word_1_191' title='bbox 177 2566 294 2635; x_wconf 74' lang='lat' dir='ltr'><strong>neres,</strong></span> <span class='ocrx_word' id='word_1_192' title='bbox 318 2568 404 2641; x_wconf 85' lang='lat' dir='ltr'><strong>quos</strong></span> <span class='ocrx_word' id='word_1_193' title='bbox 431 2565 533 2616; x_wconf 87' lang='lat' dir='ltr'><strong>causa</strong></span> <span class='ocrx_word' id='word_1_194' title='bbox 559 2542 789 2639; x_wconf 74' lang='lat' dir='ltr'><strong>proferendae</strong></span> <span class='ocrx_word' id='word_1_195' title='bbox 811 2542 1003 2619; x_wconf 90' lang='lat' dir='ltr'><strong>humilitatis</strong></span> <span class='ocrx_word' id='word_1_196' title='bbox 1019 2537 1126 2642; x_wconf 70' lang='lat' dir='ltr'><strong>&#39;atque</strong></span> <span class='ocrx_word' id='word_1_197' title='bbox 1151 2547 1404 2642; x_wconf 87' lang='lat' dir='ltr'><strong>promerendae</strong></span> <span class='ocrx_word' id='word_1_198' title='bbox 1422 2567 1477 2618; x_wconf 75' lang='lat' dir='ltr'><strong>rs</strong></span> 
     </span>
     <span class='ocr_line' id='line_1_23' title="bbox 178 2645 1475 2747; baseline -0.002 -26"><span class='ocrx_word' id='word_1_199' title='bbox 178 2652 256 2721; x_wconf 88' lang='lat' dir='ltr'><strong>uiae</strong></span> <span class='ocrx_word' id='word_1_200' title='bbox 274 2647 438 2743; x_wconf 90' lang='lat' dir='ltr'><strong>capitibus</strong></span> <span class='ocrx_word' id='word_1_201' title='bbox 455 2649 582 2718; x_wconf 89' lang='lat' dir='ltr'><strong>nostris</strong></span> <span class='ocrx_word' id='word_1_202' title='bbox 598 2648 724 2740; x_wconf 90' lang='lat' dir='ltr'><strong>imponi</strong></span> <span class='ocrx_word' id='word_1_203' title='bbox 741 2645 967 2737; x_wconf 78' lang='lat' dir='ltr'><strong>decernimus,</strong></span> <span class='ocrx_word' id='word_1_204' title='bbox 983 2646 1239 2742; x_wconf 83' lang='lat' dir='ltr'><strong>bene†dicere</strong></span> <span class='ocrx_word' id='word_1_205' title='bbox 1257 2672 1321 2747; x_wconf 88' lang='lat' dir='ltr'><strong>pro</strong></span> <span class='ocrx_word' id='word_1_206' title='bbox 1340 2661 1397 2722; x_wconf 93' lang='lat' dir='ltr'><strong>tua</strong></span> <span class='ocrx_word' id='word_1_207' title='bbox 1413 2651 1475 2745; x_wconf 79' lang='lat' dir='ltr'><strong>pie</strong></span> 
     </span>
     <span class='ocr_line' id='line_1_24' title="bbox 177 2748 1474 2847; baseline 0 -26"><span class='ocrx_word' id='word_1_208' title='bbox 177 2760 247 2822; x_wconf 88' lang='lat' dir='ltr'><strong>tate</strong></span> <span class='ocrx_word' id='word_1_209' title='bbox 269 2749 428 2839; x_wconf 72' lang='lat' dir='ltr'><strong>dignarer</strong></span> <span class='ocrx_word' id='word_1_210' title='bbox 451 2754 488 2815; x_wconf 88' lang='lat' dir='ltr'><strong>ut</strong></span> <span class='ocrx_word' id='word_1_211' title='bbox 509 2748 565 2839; x_wconf 86' lang='lat' dir='ltr'><strong>qui</strong></span> <span class='ocrx_word' id='word_1_212' title='bbox 586 2766 650 2818; x_wconf 91' lang='lat' dir='ltr'><strong>nos</strong></span> <span class='ocrx_word' id='word_1_213' title='bbox 677 2750 827 2817; x_wconf 89' lang='lat' dir='ltr'><strong>cinerem</strong></span> <span class='ocrx_word' id='word_1_214' title='bbox 854 2770 932 2822; x_wconf 88' lang='lat' dir='ltr'><strong>esse</strong></span> <span class='ocrx_word' id='word_1_215' title='bbox 950 2760 987 2821; x_wconf 86' lang='lat' dir='ltr'><strong>at</strong></span> <span class='ocrx_word' id='word_1_216' title='bbox 1008 2748 1051 2821; x_wconf 92' lang='lat' dir='ltr'><strong>ob</strong></span> <span class='ocrx_word' id='word_1_217' title='bbox 1071 2754 1248 2847; x_wconf 89' lang='lat' dir='ltr'><strong>pravitatis</strong></span> <span class='ocrx_word' id='word_1_218' title='bbox 1268 2764 1406 2826; x_wconf 78' lang='lat' dir='ltr'><strong>nasone</strong></span> <span class='ocrx_word' id='word_1_219' title='bbox 1423 2751 1474 2823; x_wconf 86' lang='lat' dir='ltr'><strong>da-</strong></span> 
     </span>
     <span class='ocr_line' id='line_1_25' title="bbox 179 2845 1473 2950; baseline 0.002 -29"><span class='ocrx_word' id='word_1_220' title='bbox 179 2853 334 2921; x_wconf 89' lang='lat' dir='ltr'><strong>meritum</strong></span> <span class='ocrx_word' id='word_1_221' title='bbox 354 2851 389 2918; x_wconf 91' lang='lat' dir='ltr'><strong>in</strong></span> <span class='ocrx_word' id='word_1_222' title='bbox 410 2845 589 2941; x_wconf 85' lang='lat' dir='ltr'><strong>pulverem</strong></span> <span class='ocrx_word' id='word_1_223' title='bbox 608 2868 813 2920; x_wconf 86' lang='lat' dir='ltr'><strong>reversuros</strong></span> <span class='ocrx_word' id='word_1_224' title='bbox 829 2855 1081 2943; x_wconf 66' lang='lat' dir='ltr'><strong>cognoscimus,</strong></span> <span class='ocrx_word' id='word_1_225' title='bbox 1101 2863 1326 2950; x_wconf 89' lang='lat' dir='ltr'><strong>peccatorum</strong></span> <span class='ocrx_word' id='word_1_226' title='bbox 1340 2856 1473 2928; x_wconf 83' lang='lat' dir='ltr'><strong>omnim</strong></span> 
     </span>
    </p>
   </div>
   <div class='ocr_carea' id='block_1_9' title="bbox 179 2948 1471 3147">
    <p class='ocr_par' dir='ltr' id='par_1_10' title="bbox 179 2948 1471 3147">
     <span class='ocr_line' id='line_1_26' title="bbox 179 2948 1471 3047; baseline 0.008 -25"><span class='ocrx_word' id='word_1_227' title='bbox 179 2952 314 3022; x_wconf 86' lang='lat' dir='ltr'><strong>veniam</strong></span> <span class='ocrx_word' id='word_1_228' title='bbox 338 2957 371 3018; x_wconf 88' lang='lat' dir='ltr'><strong>et</strong></span> <span class='ocrx_word' id='word_1_229' title='bbox 393 2950 543 3043; x_wconf 89' lang='lat' dir='ltr'><strong>praemia</strong></span> <span class='ocrx_word' id='word_1_230' title='bbox 564 2948 812 3044; x_wconf 89' lang='lat' dir='ltr'><strong>poenitentibus</strong></span> <span class='ocrx_word' id='word_1_231' title='bbox 830 2958 1051 3047; x_wconf 81' lang='lat' dir='ltr'><strong>repromissa,</strong></span> <span class='ocrx_word' id='word_1_232' title='bbox 1074 2957 1345 3030; x_wconf 79' lang='lat' dir='ltr'><strong>misericorditer</strong></span> <span class='ocrx_word' id='word_1_233' title='bbox 1366 2976 1471 3032; x_wconf 83' lang='lat' dir='ltr'><strong>coust·</strong></span> 
     </span>
     <span class='ocr_line' id='line_1_27' title="bbox 181 3047 629 3147; baseline 0.002 -26"><span class='ocrx_word' id='word_1_234' title='bbox 181 3053 238 3146; x_wconf 94' lang='lat' dir='ltr'><strong>qui</strong></span> <span class='ocrx_word' id='word_1_235' title='bbox 262 3072 462 3122; x_wconf 88' lang='lat' dir='ltr'><strong>mereamur.</strong></span> <span class='ocrx_word' id='word_1_236' title='bbox 512 3051 587 3123; x_wconf 90' lang='lat' dir='ltr'><strong>Per.</strong></span> <span class='ocrx_word' id='word_1_237' title='bbox 597 3047 629 3147; x_wconf 79' lang='lat'><strong>³)</strong></span> 
     </span>
    </p>
   </div>
   <div class='ocr_carea' id='block_1_10' title="bbox 184 3224 392 3236">
    <p class='ocr_par' dir='ltr' id='par_1_11' title="bbox 184 3224 392 3236">
     <span class='ocr_line' id='line_1_28' title="bbox 184 3224 392 3236; baseline 0 -2"><span class='ocrx_word' id='word_1_238' title='bbox 184 3224 392 3236; x_wconf 72' lang='lat' dir='ltr'>·--——--——n</span> 
     </span>
    </p>
   </div>
   <div class='ocr_carea' id='block_1_11' title="bbox 1512 2896 1517 3019">
    <p class='ocr_par' dir='ltr' id='par_1_12' title="bbox 1512 2796 1517 3081">
     <span class='ocr_line' id='line_1_29' title="bbox 1512 2896 1517 3019; baseline 0 13"><span class='ocrx_word' id='word_1_239' title='bbox 1512 2896 1517 3019; x_wconf 81' lang='grc' dir='ltr'>ι</span> 
     </span>
    </p>
   </div>
   <div class='ocr_carea' id='block_1_12' title="bbox 182 3323 1517 3398">
    <p class='ocr_par' dir='ltr' id='par_1_13' title="bbox 182 3323 1517 3398">
     <span class='ocr_line' id='line_1_30' title="bbox 182 3323 1517 3398; baseline 0.007 -22"><span class='ocrx_word' id='word_1_240' title='bbox 182 3327 286 3377; x_wconf 88' lang='lat' dir='ltr'><strong>cerunt.</strong></span> <span class='ocrx_word' id='word_1_241' title='bbox 321 3323 399 3390; x_wconf 84' lang='lat' dir='ltr'><strong>Quod</strong></span> <span class='ocrx_word' id='word_1_242' title='bbox 419 3332 515 3397; x_wconf 84' lang='lat' dir='ltr'><strong>postea</strong></span> <span class='ocrx_word' id='word_1_243' title='bbox 537 3331 590 3382; x_wconf 89' lang='lat' dir='ltr'><strong>tam</strong></span> <span class='ocrx_word' id='word_1_244' title='bbox 612 3328 684 3384; x_wconf 87' lang='lat' dir='ltr'><strong>multi</strong></span> <span class='ocrx_word' id='word_1_245' title='bbox 700 3327 883 3398; x_wconf 73' lang='lat' dir='ltr'><strong>summitati,</strong></span> <span class='ocrx_word' id='word_1_246' title='bbox 905 3335 934 3384; x_wconf 92' lang='lat' dir='ltr'><strong>ut</strong></span> <span class='ocrx_word' id='word_1_247' title='bbox 948 3347 986 3386; x_wconf 88' lang='lat' dir='ltr'><strong>sc.</strong></span> <span class='ocrx_word' id='word_1_248' title='bbox 1005 3330 1055 3386; x_wconf 83' lang='lat' dir='ltr'><strong>Xll</strong></span> <span class='ocrx_word' id='word_1_249' title='bbox 1069 3337 1097 3387; x_wconf 93' lang='lat' dir='ltr'><strong>et</strong></span> <span class='ocrx_word' id='word_1_250' title='bbox 1110 3330 1171 3387; x_wconf 88' lang='lat' dir='ltr'><strong>xt11</strong></span> <span class='ocrx_word' id='word_1_251' title='bbox 1186 3331 1212 3387; x_wconf 91' lang='lat' dir='ltr'><strong>in</strong></span> <span class='ocrx_word' id='word_1_252' title='bbox 1229 3346 1467 3390; x_wconf 78' lang='lat' dir='ltr'><strong>communcnmun</strong></span> <span class='ocrx_word' id='word_1_253' title='bbox 1515 3338 1517 3351; x_wconf 90' lang='lat'>&#39;</span> 
     </span>
    </p>
   </div>
   <div class='ocr_carea' id='block_1_13' title="bbox 101 3407 1472 4584">
    <p class='ocr_par' dir='ltr' id='par_1_14' title="bbox 101 3407 1471 4144">
     <span class='ocr_line' id='line_1_31' title="bbox 101 3407 1469 3486; baseline 0.008 -24"><span class='ocrx_word' id='word_1_254' title='bbox 101 3448 102 3451; x_wconf 63' lang='lat'>,</span> <span class='ocrx_word' id='word_1_255' title='bbox 181 3407 288 3476; x_wconf 88' lang='lat' dir='ltr'><strong>abierit,</strong></span> <span class='ocrx_word' id='word_1_256' title='bbox 304 3415 332 3464; x_wconf 89' lang='lat' dir='ltr'><strong>ut</strong></span> <span class='ocrx_word' id='word_1_257' title='bbox 347 3407 452 3465; x_wconf 88' lang='lat' dir='ltr'><strong>tradunt</strong></span> <span class='ocrx_word' id='word_1_258' title='bbox 466 3411 609 3469; x_wconf 85' lang='lat' dir='ltr'><strong>liarterius</strong></span> <span class='ocrx_word' id='word_1_259' title='bbox 624 3421 650 3470; x_wconf 90' lang='lat' dir='ltr'><strong>et</strong></span> <span class='ocrx_word' id='word_1_260' title='bbox 661 3413 818 3471; x_wconf 84' lang='lat' dir='ltr'><strong>Graucolas.</strong></span> <span class='ocrx_word' id='word_1_261' title='bbox 843 3416 871 3472; x_wconf 90' lang='lat' dir='ltr'><strong>lo</strong></span> <span class='ocrx_word' id='word_1_262' title='bbox 887 3414 1039 3486; x_wconf 83' lang='lat' dir='ltr'><strong>obsequiali</strong></span> <span class='ocrx_word' id='word_1_263' title='bbox 1053 3423 1148 3474; x_wconf 89' lang='lat' dir='ltr'><strong>nostro</strong></span> <span class='ocrx_word' id='word_1_264' title='bbox 1163 3432 1296 3474; x_wconf 73' lang='lat' dir='ltr'><strong>annorum</strong></span> <span class='ocrx_word' id='word_1_265' title='bbox 1311 3414 1469 3476; x_wconf 80' lang='lat' dir='ltr'><strong>circitertoe</strong></span> 
     </span>
     <span class='ocr_line' id='line_1_32' title="bbox 180 3492 1467 3574; baseline 0.005 -28"><span class='ocrx_word' id='word_1_266' title='bbox 180 3492 310 3548; x_wconf 81' lang='lat' dir='ltr'><strong>babetur:</strong></span> <span class='ocrx_word' id='word_1_267' title='bbox 332 3493 435 3548; x_wconf 83' lang='lat' dir='ltr'><strong>Feria</strong></span> <span class='ocrx_word' id='word_1_268' title='bbox 456 3495 497 3550; x_wconf 92' lang='lat' dir='ltr'><strong>lV</strong></span> <span class='ocrx_word' id='word_1_269' title='bbox 519 3495 554 3551; x_wconf 90' lang='lat' dir='ltr'><strong>iu</strong></span> <span class='ocrx_word' id='word_1_270' title='bbox 574 3499 701 3570; x_wconf 90' lang='lat' dir='ltr'><strong>capita</strong></span> <span class='ocrx_word' id='word_1_271' title='bbox 722 3499 851 3557; x_wconf 90' lang='lat' dir='ltr'><strong>ieiunii</strong></span> <span class='ocrx_word' id='word_1_272' title='bbox 872 3499 1085 3558; x_wconf 88' lang='lat' dir='ltr'><strong>benedictio</strong></span> <span class='ocrx_word' id='word_1_273' title='bbox 1105 3502 1383 3574; x_wconf 81' lang='lat' dir='ltr'><strong>supercineros.</strong></span> <span class='ocrx_word' id='word_1_274' title='bbox 1410 3498 1467 3557; x_wconf 82' lang='lat' dir='ltr'><strong>llibil</strong></span> 
     </span>
     <span class='ocr_line' id='line_1_33' title="bbox 181 3575 1465 3659; baseline 0.003 -25"><span class='ocrx_word' id='word_1_275' title='bbox 181 3591 248 3635; x_wconf 82' lang='lat' dir='ltr'><strong>vero</strong></span> <span class='ocrx_word' id='word_1_276' title='bbox 264 3575 299 3632; x_wconf 89' lang='lat' dir='ltr'><strong>de</strong></span> <span class='ocrx_word' id='word_1_277' title='bbox 313 3590 344 3631; x_wconf 87' lang='lat' dir='ltr'><strong>ee</strong></span> <span class='ocrx_word' id='word_1_278' title='bbox 360 3577 386 3632; x_wconf 90' lang='lat' dir='ltr'><strong>iu</strong></span> <span class='ocrx_word' id='word_1_279' title='bbox 408 3578 523 3650; x_wconf 84' lang='lat' dir='ltr'><strong>antiquis</strong></span> <span class='ocrx_word' id='word_1_280' title='bbox 538 3584 641 3639; x_wconf 84' lang='lat' dir='ltr'><strong>nostris</strong></span> <span class='ocrx_word' id='word_1_281' title='bbox 654 3583 907 3643; x_wconf 83' lang='lat' dir='ltr'><strong>Sacramentariis.“</strong></span> <span class='ocrx_word' id='word_1_282' title='bbox 936 3583 1091 3641; x_wconf 88' lang='lat' dir='ltr'><strong>Binterimni</strong></span> <span class='ocrx_word' id='word_1_283' title='bbox 1104 3587 1218 3642; x_wconf 84' lang='lat' dir='ltr'><strong>lieulrw.</strong></span> <span class='ocrx_word' id='word_1_284' title='bbox 1230 3586 1301 3659; x_wconf 84' lang='lat' dir='ltr'>v,1,</span> <span class='ocrx_word' id='word_1_285' title='bbox 1315 3588 1373 3657; x_wconf 80' lang='lat'>17⁰,</span> <span class='ocrx_word' id='word_1_286' title='bbox 1385 3593 1408 3643; x_wconf 86' lang='lat' dir='ltr'><strong>ot</strong></span> <span class='ocrx_word' id='word_1_287' title='bbox 1418 3582 1465 3639; x_wconf 85' lang='lat' dir='ltr'><strong>ori·</strong></span> 
     </span>
     <span class='ocr_line' id='line_1_34' title="bbox 181 3661 1465 3744; baseline 0.003 -26"><span class='ocrx_word' id='word_1_288' title='bbox 181 3662 270 3736; x_wconf 88' lang='lat' dir='ltr'><strong>ginem</strong></span> <span class='ocrx_word' id='word_1_289' title='bbox 291 3661 471 3718; x_wconf 77' lang='lat' dir='ltr'><strong>caerimoniae</strong></span> <span class='ocrx_word' id='word_1_290' title='bbox 493 3663 572 3721; x_wconf 86' lang='lat' dir='ltr'><strong>altius</strong></span> <span class='ocrx_word' id='word_1_291' title='bbox 585 3675 701 3740; x_wconf 88' lang='lat' dir='ltr'><strong>repetat,</strong></span> <span class='ocrx_word' id='word_1_292' title='bbox 714 3671 838 3741; x_wconf 80' lang='lat' dir='ltr'><strong>conlegit</strong></span> <span class='ocrx_word' id='word_1_293' title='bbox 851 3668 886 3724; x_wconf 88' lang='lat' dir='ltr'><strong>ad</strong></span> <span class='ocrx_word' id='word_1_294' title='bbox 902 3670 976 3725; x_wconf 79' lang='lat' dir='ltr'><strong>serbi</strong></span> <span class='ocrx_word' id='word_1_295' title='bbox 995 3668 1096 3729; x_wconf 79' lang='lat' dir='ltr'><strong>Urbani</strong></span> <span class='ocrx_word' id='word_1_296' title='bbox 1108 3670 1220 3727; x_wconf 84' lang='lat' dir='ltr'><strong>secundi</strong></span> <span class='ocrx_word' id='word_1_297' title='bbox 1235 3672 1383 3744; x_wconf 85' lang='lat' dir='ltr'><strong>pontilicis:</strong></span> <span class='ocrx_word' id='word_1_298' title='bbox 1398 3666 1465 3725; x_wconf 86' lang='lat' dir='ltr'><strong>ilui-</strong></span> 
     </span>
     <span class='ocr_line' id='line_1_35' title="bbox 180 3747 1468 3828; baseline 0.002 -24"><span class='ocrx_word' id='word_1_299' title='bbox 180 3750 236 3804; x_wconf 84' lang='lat' dir='ltr'><strong>lue</strong></span> <span class='ocrx_word' id='word_1_300' title='bbox 258 3747 397 3802; x_wconf 93' lang='lat' dir='ltr'><strong>omnino</strong></span> <span class='ocrx_word' id='word_1_301' title='bbox 419 3748 533 3805; x_wconf 82' lang='lat' dir='ltr'><strong>laicus</strong></span> <span class='ocrx_word' id='word_1_302' title='bbox 556 3753 894 3823; x_wconf 88' lang='lat' dir='ltr'><strong>postdiemcineris</strong></span> <span class='ocrx_word' id='word_1_303' title='bbox 910 3754 1082 3811; x_wconf 87' lang='lat' dir='ltr'><strong>atcilicii</strong></span> <span class='ocrx_word' id='word_1_304' title='bbox 1098 3751 1468 3828; x_wconf 80' lang='lat' dir='ltr'><strong>quicaputieiuoiidi·</strong></span> 
     </span>
     <span class='ocr_line' id='line_1_36' title="bbox 180 3831 1469 3914; baseline 0.003 -26"><span class='ocrx_word' id='word_1_305' title='bbox 180 3831 572 3890; x_wconf 82' lang='lat' dir='ltr'><strong>citurcurnibusresoi</strong></span> <span class='ocrx_word' id='word_1_306' title='bbox 589 3836 727 3900; x_wconf 80' lang='lat' dir='ltr'><strong>audeat,</strong></span> <span class='ocrx_word' id='word_1_307' title='bbox 756 3839 1181 3913; x_wconf 82' lang='lat' dir='ltr'><strong>Sednernononvidot,pnpam</strong></span> <span class='ocrx_word' id='word_1_308' title='bbox 1196 3837 1469 3914; x_wconf 79' lang='lat' dir='ltr'><strong>respicemdrerbr</strong></span> 
     </span>
     <span class='ocr_line' id='line_1_37' title="bbox 179 3913 1471 3991; baseline 0.009 -18"><span class='ocrx_word' id='word_1_309' title='bbox 179 3917 362 3989; x_wconf 75' lang='lat' dir='ltr'><strong>Antiphonae:</strong></span> <span class='ocrx_word' id='word_1_310' title='bbox 377 3913 548 3975; x_wconf 87' lang='lat' dir='ltr'><strong>immutemur</strong></span> <span class='ocrx_word' id='word_1_311' title='bbox 560 3919 650 3978; x_wconf 84' lang='lat' dir='ltr'><strong>babitu</strong></span> <span class='ocrx_word' id='word_1_312' title='bbox 665 3922 692 3978; x_wconf 91' lang='lat' dir='ltr'><strong>iu</strong></span> <span class='ocrx_word' id='word_1_313' title='bbox 707 3923 798 3980; x_wconf 88' lang='lat' dir='ltr'><strong>cinere</strong></span> <span class='ocrx_word' id='word_1_314' title='bbox 816 3932 843 3981; x_wconf 92' lang='lat' dir='ltr'><strong>ct</strong></span> <span class='ocrx_word' id='word_1_315' title='bbox 858 3923 947 3980; x_wconf 83' lang='lat' dir='ltr'><strong>cilicio</strong></span> <span class='ocrx_word' id='word_1_316' title='bbox 962 3931 1016 3980; x_wconf 89' lang='lat' dir='ltr'><strong>etc.</strong></span> <span class='ocrx_word' id='word_1_317' title='bbox 1043 3925 1103 3981; x_wconf 85' lang='lat' dir='ltr'><strong>lino</strong></span> <span class='ocrx_word' id='word_1_318' title='bbox 1116 3923 1471 3991; x_wconf 72' lang='lat' dir='ltr'><strong>rdmneoneedndrnut,</strong></span> 
     </span>
     <span class='ocr_line' id='line_1_38' title="bbox 180 4000 1471 4083; baseline 0.006 -25"><span class='ocrx_word' id='word_1_319' title='bbox 180 4000 274 4058; x_wconf 86' lang='lat' dir='ltr'><strong>eodem</strong></span> <span class='ocrx_word' id='word_1_320' title='bbox 289 4001 348 4058; x_wconf 84' lang='lat' dir='ltr'><strong>iuro</strong></span> <span class='ocrx_word' id='word_1_321' title='bbox 363 4019 379 4057; x_wconf 93' lang='lat' dir='ltr'><strong>e</strong></span> <span class='ocrx_word' id='word_1_322' title='bbox 394 4002 485 4058; x_wconf 85' lang='lat' dir='ltr'><strong>verbis</strong></span> <span class='ocrx_word' id='word_1_323' title='bbox 501 4004 601 4060; x_wconf 89' lang='lat' dir='ltr'><strong>Urbani</strong></span> <span class='ocrx_word' id='word_1_324' title='bbox 617 4006 712 4078; x_wconf 76' lang='lat' dir='ltr'><strong>colligi</strong></span> <span class='ocrx_word' id='word_1_325' title='bbox 726 4024 827 4081; x_wconf 84' lang='lat' dir='ltr'><strong>posse,</strong></span> <span class='ocrx_word' id='word_1_326' title='bbox 848 4025 895 4066; x_wconf 87' lang='lat' dir='ltr'><strong>sua</strong></span> <span class='ocrx_word' id='word_1_327' title='bbox 912 4017 1002 4065; x_wconf 87' lang='lat' dir='ltr'><strong>aetate</strong></span> <span class='ocrx_word' id='word_1_328' title='bbox 1016 4009 1111 4066; x_wconf 77' lang='lat' dir='ltr'><strong>fideles</strong></span> <span class='ocrx_word' id='word_1_329' title='bbox 1129 4026 1240 4083; x_wconf 77' lang='lat' dir='ltr'><strong>omnes,</strong></span> <span class='ocrx_word' id='word_1_330' title='bbox 1262 4011 1362 4070; x_wconf 85' lang='lat' dir='ltr'><strong>ciliciis</strong></span> <span class='ocrx_word' id='word_1_331' title='bbox 1374 4007 1471 4068; x_wconf 79' lang='lat' dir='ltr'><strong>indutor</strong></span> 
     </span>
     <span class='ocr_line' id='line_1_39' title="bbox 180 4086 896 4144; baseline -0.001 -1"><span class='ocrx_word' id='word_1_332' title='bbox 180 4086 323 4143; x_wconf 84' lang='lat' dir='ltr'><strong>ecclesiam</strong></span> <span class='ocrx_word' id='word_1_333' title='bbox 338 4086 484 4144; x_wconf 85' lang='lat' dir='ltr'><strong>introiisse.</strong></span> <span class='ocrx_word' id='word_1_334' title='bbox 892 4098 896 4114; x_wconf 79' lang='lat'><em>¹</em></span> 
     </span>
    </p>

    <p class='ocr_par' dir='ltr' id='par_1_15' title="bbox 178 4166 1472 4584">
     <span class='ocr_line' id='line_1_40' title="bbox 248 4166 1470 4254; baseline 0.01 -30"><span class='ocrx_word' id='word_1_335' title='bbox 248 4166 280 4246; x_wconf 72' lang='lat' dir='ltr'><strong>t)</strong></span> <span class='ocrx_word' id='word_1_336' title='bbox 302 4171 373 4229; x_wconf 80' lang='lat' dir='ltr'><strong>idias.</strong></span> <span class='ocrx_word' id='word_1_337' title='bbox 388 4171 461 4244; x_wconf 82' lang='lat' dir='ltr'><strong>Aug.</strong></span> <span class='ocrx_word' id='word_1_338' title='bbox 484 4171 560 4230; x_wconf 77' lang='lat'>1497.</span> <span class='ocrx_word' id='word_1_339' title='bbox 589 4173 728 4236; x_wconf 81' lang='lat' dir='ltr'><strong>benedict.</strong></span> <span class='ocrx_word' id='word_1_340' title='bbox 744 4176 836 4234; x_wconf 83' lang='lat' dir='ltr'><strong>const.</strong></span> <span class='ocrx_word' id='word_1_341' title='bbox 854 4178 920 4234; x_wconf 74' lang='lat'>1597</span> <span class='ocrx_word' id='word_1_342' title='bbox 934 4194 1043 4251; x_wconf 83' lang='lat' dir='ltr'><strong>parce</strong></span> <span class='ocrx_word' id='word_1_343' title='bbox 1057 4178 1310 4239; x_wconf 80' lang='lat' dir='ltr'><strong>mutuantibus.</strong></span> <span class='ocrx_word' id='word_1_344' title='bbox 1341 4181 1370 4240; x_wconf 78' lang='grc'><strong>6.</strong></span> <span class='ocrx_word' id='word_1_345' title='bbox 1385 4193 1470 4254; x_wconf 77' lang='lat' dir='ltr'><strong>prop</strong></span> 
     </span>
     <span class='ocr_line' id='line_1_41' title="bbox 179 4253 1471 4336; baseline 0.006 -25"><span class='ocrx_word' id='word_1_346' title='bbox 179 4253 414 4327; x_wconf 90' lang='lat' dir='ltr'><strong>supplicibus.</strong></span> <span class='ocrx_word' id='word_1_347' title='bbox 445 4258 476 4317; x_wconf 74' lang='lat'><strong>(2.</strong></span> <span class='ocrx_word' id='word_1_348' title='bbox 498 4257 654 4329; x_wconf 87' lang='lat' dir='ltr'><strong>dignare.</strong></span> <span class='ocrx_word' id='word_1_349' title='bbox 684 4260 991 4320; x_wconf 66' lang='lat' dir='ltr'><strong>dciueresistos.</strong></span> <span class='ocrx_word' id='word_1_350' title='bbox 1023 4263 1311 4336; x_wconf 84' lang='lat' dir='ltr'><strong>G.tuun1implor.</strong></span> <span class='ocrx_word' id='word_1_351' title='bbox 1344 4266 1471 4324; x_wconf 74' lang='lat' dir='ltr'><strong>nnat·</strong></span> 
     </span>
     <span class='ocr_line' id='line_1_42' title="bbox 180 4341 1472 4424; baseline 0.005 -29"><span class='ocrx_word' id='word_1_352' title='bbox 180 4357 243 4411; x_wconf 90' lang='lat' dir='ltr'><strong>que</strong></span> <span class='ocrx_word' id='word_1_353' title='bbox 267 4347 356 4399; x_wconf 88' lang='lat' dir='ltr'><strong>ante.</strong></span> <span class='ocrx_word' id='word_1_354' title='bbox 386 4341 416 4401; x_wconf 85' lang='lat' dir='ltr'><strong>C.</strong></span> <span class='ocrx_word' id='word_1_355' title='bbox 438 4342 472 4399; x_wconf 82' lang='lat' dir='ltr'><strong>n.</strong></span> <span class='ocrx_word' id='word_1_356' title='bbox 497 4359 609 4400; x_wconf 85' lang='lat' dir='ltr'><strong>seren.</strong></span> <span class='ocrx_word' id='word_1_357' title='bbox 632 4345 853 4404; x_wconf 81' lang='lat' dir='ltr'><strong>maiestatem</strong></span> <span class='ocrx_word' id='word_1_358' title='bbox 875 4354 974 4404; x_wconf 89' lang='lat' dir='ltr'><strong>tuam.</strong></span> <span class='ocrx_word' id='word_1_359' title='bbox 1006 4349 1036 4404; x_wconf 83' lang='lat' dir='ltr'><strong>C.</strong></span> <span class='ocrx_word' id='word_1_360' title='bbox 1059 4348 1315 4420; x_wconf 72' lang='lat' dir='ltr'><strong>flaginana</strong></span> <span class='ocrx_word' id='word_1_361' title='bbox 1339 4363 1472 4424; x_wconf 80' lang='lat' dir='ltr'><strong>quaeso·</strong></span> 
     </span>
     <span class='ocr_line' id='line_1_43' title="bbox 178 4423 1470 4509; baseline 0.01 -31"><span class='ocrx_word' id='word_1_362' title='bbox 178 4439 260 4482; x_wconf 85' lang='lat' dir='ltr'><strong>mus.</strong></span> <span class='ocrx_word' id='word_1_363' title='bbox 291 4423 325 4480; x_wconf 80' lang='grc' dir='ltr'><strong>Α.</strong></span> <span class='ocrx_word' id='word_1_364' title='bbox 343 4440 402 4480; x_wconf 86' lang='lat' dir='ltr'><strong>eos</strong></span> <span class='ocrx_word' id='word_1_365' title='bbox 417 4444 521 4499; x_wconf 87' lang='lat' dir='ltr'><strong>snper</strong></span> <span class='ocrx_word' id='word_1_366' title='bbox 536 4445 571 4486; x_wconf 89' lang='lat' dir='ltr'><strong>sc</strong></span> <span class='ocrx_word' id='word_1_367' title='bbox 587 4436 828 4504; x_wconf 83' lang='lat' dir='ltr'><strong>asperserunt.</strong></span> <span class='ocrx_word' id='word_1_368' title='bbox 856 4428 1004 4509; x_wconf 89' lang='lat' dir='ltr'><strong>(Videntur</strong></span> <span class='ocrx_word' id='word_1_369' title='bbox 1019 4432 1085 4491; x_wconf 88' lang='lat' dir='ltr'><strong>olim</strong></span> <span class='ocrx_word' id='word_1_370' title='bbox 1098 4433 1151 4507; x_wconf 88' lang='lat' dir='ltr'><strong>ipsi</strong></span> <span class='ocrx_word' id='word_1_371' title='bbox 1165 4433 1229 4491; x_wconf 84' lang='lat' dir='ltr'><strong>laici</strong></span> <span class='ocrx_word' id='word_1_372' title='bbox 1243 4434 1297 4492; x_wconf 85' lang='lat' dir='ltr'><strong>sibi</strong></span> <span class='ocrx_word' id='word_1_373' title='bbox 1313 4433 1470 4493; x_wconf 63' lang='grc' dir='ltr'>άιιιιωίν</span> 
     </span>
     <span class='ocr_line' id='line_1_44' title="bbox 179 4505 696 4584; baseline 0.027 -21"><span class='ocrx_word' id='word_1_374' title='bbox 179 4505 316 4580; x_wconf 81' lang='lat' dir='ltr'><strong>posuisse)</strong></span> <span class='ocrx_word' id='word_1_375' title='bbox 333 4505 361 4562; x_wconf 79' lang='lat'><strong>0.</strong></span> <span class='ocrx_word' id='word_1_376' title='bbox 378 4514 412 4565; x_wconf 83' lang='lat' dir='ltr'><strong>ct</strong></span> <span class='ocrx_word' id='word_1_377' title='bbox 426 4513 608 4584; x_wconf 90' lang='lat' dir='ltr'><strong>corporis.</strong></span> <span class='ocrx_word' id='word_1_378' title='bbox 695 4573 696 4577; x_wconf 75' lang='grc'>,</span> 
     </span>
    </p>
   </div>
   <div class='ocr_carea' id='block_1_14' title="bbox 244 4587 1471 4680">
    <p class='ocr_par' dir='ltr' id='par_1_16' title="bbox 244 4587 1471 4680">
     <span class='ocr_line' id='line_1_45' title="bbox 244 4587 1471 4680; baseline 0.015 -36"><span class='ocrx_word' id='word_1_379' title='bbox 244 4587 276 4664; x_wconf 76' lang='lat'><strong>³)</strong></span> <span class='ocrx_word' id='word_1_380' title='bbox 291 4590 397 4648; x_wconf 80' lang='lat' dir='ltr'><strong>ltissale</strong></span> <span class='ocrx_word' id='word_1_381' title='bbox 414 4593 532 4652; x_wconf 71' lang='lat' dir='ltr'><strong>dietam</strong></span> <span class='ocrx_word' id='word_1_382' title='bbox 553 4596 622 4653; x_wconf 76' lang='lat' dir='ltr'><strong>litt</strong></span> <span class='ocrx_word' id='word_1_383' title='bbox 642 4599 801 4673; x_wconf 84' lang='lat' dir='ltr'><strong>praeter.</strong></span> <span class='ocrx_word' id='word_1_384' title='bbox 815 4601 898 4665; x_wconf 86' lang='lat' dir='ltr'><strong>bum.</strong></span> <span class='ocrx_word' id='word_1_385' title='bbox 930 4602 960 4659; x_wconf 85' lang='lat' dir='ltr'><strong>c.</strong></span> <span class='ocrx_word' id='word_1_386' title='bbox 976 4601 1193 4663; x_wconf 79' lang='lat' dir='ltr'><strong>omittitcausa</strong></span> <span class='ocrx_word' id='word_1_387' title='bbox 1206 4605 1402 4680; x_wconf 71' lang='lat' dir='ltr'><strong>prothum.</strong></span> <span class='ocrx_word' id='word_1_388' title='bbox 1426 4601 1471 4662; x_wconf 61' lang='lat' dir='ltr'><strong>fit.</strong></span> 
     </span>
    </p>
   </div>
   <div class='ocr_carea' id='block_1_15' title="bbox 0 0 1531 4942">
    <p class='ocr_par' dir='ltr' id='par_1_17' title="bbox 0 0 1531 4942">
     <span class='ocr_line' id='line_1_46' title="bbox 0 0 1531 4942; baseline 0 0"><span class='ocrx_word' id='word_1_389' title='bbox 0 0 1531 4942; x_wconf 95' lang='lat' dir='ltr'><strong> </strong></span> 
     </span>
    </p>
   </div>
  </div>
 </body>
</html>
