<?xml version="1.0" encoding="UTF-8"?>
<!DOCTYPE html PUBLIC "-//W3C//DTD XHTML 1.0 Transitional//EN"
    "http://www.w3.org/TR/xhtml1/DTD/xhtml1-transitional.dtd">
<html xmlns="http://www.w3.org/1999/xhtml" xml:lang="en" lang="en">
 <head>
  <title>
</title>
<meta http-equiv="Content-Type" content="text/html;charset=utf-8" />
  <meta name='ocr-system' content='tesseract 3.04.00' />
  <meta name='ocr-capabilities' content='ocr_page ocr_carea ocr_par ocr_line ocrx_word'/>
</head>
<body>
  <div class='ocr_page' id='page_1' title='image "./codexliturgicus03danigoog_0455.png"; bbox 0 0 3046 4942; ppageno 0'>
   <div class='ocr_carea' id='block_1_1' title="bbox 825 330 901 401">
    <p class='ocr_par' dir='ltr' id='par_1_1' title="bbox 825 330 901 401">
     <span class='ocr_line' id='line_1_1' title="bbox 825 330 901 401; baseline -0.039 0"><span class='ocrx_word' id='word_1_1' title='bbox 825 330 901 401; x_wconf 79' lang='grc'>436</span> 
     </span>
    </p>
   </div>
   <div class='ocr_carea' id='block_1_2' title="bbox 126 505 1522 3771">
    <p class='ocr_par' dir='ltr' id='par_1_2' title="bbox 126 505 1522 3771">
     <span class='ocr_line' id='line_1_2' title="bbox 323 505 1495 604; baseline -0.004 -19"><span class='ocrx_word' id='word_1_2' title='bbox 323 525 385 601; x_wconf 81' lang='lat' dir='ltr'>Qua</span> <span class='ocrx_word' id='word_1_3' title='bbox 400 523 498 602; x_wconf 81' lang='lat' dir='ltr'>inita,</span> <span class='ocrx_word' id='word_1_4' title='bbox 518 520 658 600; x_wconf 81' lang='lat' dir='ltr'>Virgines</span> <span class='ocrx_word' id='word_1_5' title='bbox 670 530 827 599; x_wconf 75' lang='lat' dir='ltr'><strong>surgentes</strong></span> <span class='ocrx_word' id='word_1_6' title='bbox 842 519 928 583; x_wconf 85' lang='lat' dir='ltr'>simul</span> <span class='ocrx_word' id='word_1_7' title='bbox 942 517 1289 601; x_wconf 73' lang='lat' dir='ltr'>mruutnmtptomm:</span> <span class='ocrx_word' id='word_1_8' title='bbox 1316 505 1409 580; x_wconf 83' lang='lat' dir='ltr'>Ecca</span> <span class='ocrx_word' id='word_1_9' title='bbox 1426 509 1495 604; x_wconf 72' lang='lat' dir='ltr'>qual</span> 
     </span>
     <span class='ocr_line' id='line_1_3' title="bbox 207 611 1498 713; baseline -0.01 -17"><span class='ocrx_word' id='word_1_10' title='bbox 207 618 414 713; x_wconf 88' lang='lat' dir='ltr'>tconcupivi,</span> <span class='ocrx_word' id='word_1_11' title='bbox 440 619 505 687; x_wconf 88' lang='lat' dir='ltr'>iam</span> <span class='ocrx_word' id='word_1_12' title='bbox 526 615 644 704; x_wconf 84' lang='lat' dir='ltr'>video,</span> <span class='ocrx_word' id='word_1_13' title='bbox 667 615 758 710; x_wconf 87' lang='lat' dir='ltr'>quod</span> <span class='ocrx_word' id='word_1_14' title='bbox 779 617 930 710; x_wconf 82' lang='lat' dir='ltr'>speravi,</span> <span class='ocrx_word' id='word_1_15' title='bbox 952 615 1018 684; x_wconf 91' lang='lat' dir='ltr'>iam</span> <span class='ocrx_word' id='word_1_16' title='bbox 1036 623 1152 703; x_wconf 88' lang='lat' dir='ltr'>teneo,</span> <span class='ocrx_word' id='word_1_17' title='bbox 1175 611 1229 685; x_wconf 92' lang='lat' dir='ltr'>illi</span> <span class='ocrx_word' id='word_1_18' title='bbox 1254 632 1335 683; x_wconf 88' lang='lat' dir='ltr'>sum</span> <span class='ocrx_word' id='word_1_19' title='bbox 1353 613 1498 683; x_wconf 68' lang='lat' dir='ltr'>imant</span> 
     </span>
     <span class='ocr_line' id='line_1_4' title="bbox 208 715 1497 813; baseline -0.006 -20"><span class='ocrx_word' id='word_1_20' title='bbox 208 722 315 793; x_wconf 87' lang='lat' dir='ltr'>coelis</span> <span class='ocrx_word' id='word_1_21' title='bbox 338 741 438 813; x_wconf 83' lang='lat' dir='ltr'>quem</span> <span class='ocrx_word' id='word_1_22' title='bbox 457 721 492 789; x_wconf 93' lang='lat' dir='ltr'>in</span> <span class='ocrx_word' id='word_1_23' title='bbox 512 720 614 790; x_wconf 86' lang='lat' dir='ltr'>terris</span> <span class='ocrx_word' id='word_1_24' title='bbox 632 720 742 813; x_wconf 87' lang='lat' dir='ltr'>posita</span> <span class='ocrx_word' id='word_1_25' title='bbox 761 727 833 789; x_wconf 90' lang='lat' dir='ltr'>tota</span> <span class='ocrx_word' id='word_1_26' title='bbox 853 716 1038 788; x_wconf 80' lang='lat' dir='ltr'>devouone</span> <span class='ocrx_word' id='word_1_27' title='bbox 1061 715 1176 788; x_wconf 79' lang='lat' dir='ltr'>dilexi</span> <span class='ocrx_word' id='word_1_28' title='bbox 1217 722 1497 785; x_wconf 73' lang='lat' dir='ltr'>Pmttueetontnr</span> 
     </span>
     <span class='ocr_line' id='line_1_5' title="bbox 206 825 1499 910; baseline -0.005 -17"><span class='ocrx_word' id='word_1_29' title='bbox 206 834 312 894; x_wconf 88' lang='lat' dir='ltr'>iunctis</span> <span class='ocrx_word' id='word_1_30' title='bbox 327 839 396 892; x_wconf 88' lang='lat' dir='ltr'>aute</span> <span class='ocrx_word' id='word_1_31' title='bbox 410 839 513 910; x_wconf 85' lang='lat' dir='ltr'>pactus</span> <span class='ocrx_word' id='word_1_32' title='bbox 527 828 670 905; x_wconf 87' lang='lat' dir='ltr'>manibus,</span> <span class='ocrx_word' id='word_1_33' title='bbox 684 828 753 890; x_wconf 87' lang='lat' dir='ltr'>dicit</span> <span class='ocrx_word' id='word_1_34' title='bbox 766 846 855 909; x_wconf 85' lang='lat' dir='ltr'>super</span> <span class='ocrx_word' id='word_1_35' title='bbox 868 828 933 889; x_wconf 88' lang='lat' dir='ltr'>illas</span> <span class='ocrx_word' id='word_1_36' title='bbox 946 837 1070 905; x_wconf 74' lang='lat' dir='ltr'>euntes,</span> <span class='ocrx_word' id='word_1_37' title='bbox 1084 826 1237 889; x_wconf 85' lang='lat' dir='ltr'>humiliter</span> <span class='ocrx_word' id='word_1_38' title='bbox 1250 827 1408 903; x_wconf 79' lang='lat' dir='ltr'>inclinatur,</span> <span class='ocrx_word' id='word_1_39' title='bbox 1419 825 1499 887; x_wconf 80' lang='lat' dir='ltr'>ltere·</span> 
     </span>
     <span class='ocr_line' id='line_1_6' title="bbox 208 917 1522 1017; baseline -0.005 -21"><span class='ocrx_word' id='word_1_40' title='bbox 208 934 383 1003; x_wconf 67' lang='lat' dir='ltr'>dictionem</span> <span class='ocrx_word' id='word_1_41' title='bbox 404 922 498 996; x_wconf 86' lang='lat' dir='ltr'>Deua</span> <span class='ocrx_word' id='word_1_42' title='bbox 519 922 705 1017; x_wconf 80' lang='lat' dir='ltr'><strong>plasmator</strong></span> <span class='ocrx_word' id='word_1_43' title='bbox 725 942 920 1017; x_wconf 90' lang='lat' dir='ltr'>corporum,</span> <span class='ocrx_word' id='word_1_44' title='bbox 941 917 1075 992; x_wconf 86' lang='lat' dir='ltr'>afflator</span> <span class='ocrx_word' id='word_1_45' title='bbox 1096 923 1288 992; x_wconf 91' lang='lat' dir='ltr'>animarum</span> <span class='ocrx_word' id='word_1_46' title='bbox 1313 922 1367 1014; x_wconf 84' lang='lat' dir='ltr'>qul</span> <span class='ocrx_word' id='word_1_47' title='bbox 1388 918 1522 1013; x_wconf 83' lang='grc' dir='ltr'>ιιιιιιιΙ</span> 
     </span>
     <span class='ocr_line' id='line_1_7' title="bbox 207 1022 1522 1123; baseline -0.006 -22"><span class='ocrx_word' id='word_1_48' title='bbox 207 1029 341 1123; x_wconf 83' lang='lat' dir='ltr'>spernis</span> <span class='ocrx_word' id='word_1_49' title='bbox 363 1035 522 1113; x_wconf 87' lang='lat' dir='ltr'>aetatem,</span> <span class='ocrx_word' id='word_1_50' title='bbox 544 1025 673 1095; x_wconf 90' lang='lat' dir='ltr'>nullum</span> <span class='ocrx_word' id='word_1_51' title='bbox 694 1046 815 1097; x_wconf 86' lang='lat' dir='ltr'>sexum</span> <span class='ocrx_word' id='word_1_52' title='bbox 835 1022 1012 1119; x_wconf 86' lang='lat' dir='ltr'>reprobas,</span> <span class='ocrx_word' id='word_1_53' title='bbox 1035 1023 1161 1094; x_wconf 92' lang='lat' dir='ltr'>nullam</span> <span class='ocrx_word' id='word_1_54' title='bbox 1184 1022 1415 1094; x_wconf 85' lang='lat' dir='ltr'>conditionem</span> <span class='ocrx_word' id='word_1_55' title='bbox 1431 1043 1522 1113; x_wconf 70' lang='lat' dir='ltr'>gru·</span> 
     </span>
     <span class='ocr_line' id='line_1_8' title="bbox 207 1123 1501 1220; baseline -0.007 -17"><span class='ocrx_word' id='word_1_56' title='bbox 207 1133 254 1203; x_wconf 88' lang='lat' dir='ltr'>tia</span> <span class='ocrx_word' id='word_1_57' title='bbox 274 1138 336 1199; x_wconf 88' lang='lat' dir='ltr'>tua</span> <span class='ocrx_word' id='word_1_58' title='bbox 354 1126 450 1199; x_wconf 89' lang='lat' dir='ltr'>ducis</span> <span class='ocrx_word' id='word_1_59' title='bbox 470 1126 655 1218; x_wconf 90' lang='lat' dir='ltr'>indignam,</span> <span class='ocrx_word' id='word_1_60' title='bbox 678 1126 739 1200; x_wconf 83' lang='lat' dir='ltr'>scal</span> <span class='ocrx_word' id='word_1_61' title='bbox 764 1128 912 1197; x_wconf 91' lang='lat' dir='ltr'>omnium</span> <span class='ocrx_word' id='word_1_62' title='bbox 933 1125 1085 1220; x_wconf 85' lang='lat' dir='ltr'>aequalis</span> <span class='ocrx_word' id='word_1_63' title='bbox 1106 1134 1249 1197; x_wconf 87' lang='lat' dir='ltr'>creator</span> <span class='ocrx_word' id='word_1_64' title='bbox 1272 1147 1316 1197; x_wconf 91' lang='lat' dir='ltr'>es</span> <span class='ocrx_word' id='word_1_65' title='bbox 1337 1134 1371 1196; x_wconf 89' lang='lat' dir='ltr'>et</span> <span class='ocrx_word' id='word_1_66' title='bbox 1388 1123 1501 1195; x_wconf 77' lang='lat' dir='ltr'>relate</span> 
     </span>
     <span class='ocr_line' id='line_1_9' title="bbox 210 1225 1502 1322; baseline -0.004 -18"><span class='ocrx_word' id='word_1_67' title='bbox 210 1241 279 1319; x_wconf 90' lang='lat' dir='ltr'>tor,</span> <span class='ocrx_word' id='word_1_68' title='bbox 306 1238 342 1301; x_wconf 93' lang='lat' dir='ltr'>tu</span> <span class='ocrx_word' id='word_1_69' title='bbox 369 1229 431 1302; x_wconf 82' lang='lat' dir='ltr'>luas</span> <span class='ocrx_word' id='word_1_70' title='bbox 451 1228 598 1301; x_wconf 87' lang='lat' dir='ltr'>famulus</span> <span class='ocrx_word' id='word_1_71' title='bbox 622 1238 718 1318; x_wconf 88' lang='lat' dir='ltr'>tuas,</span> <span class='ocrx_word' id='word_1_72' title='bbox 742 1249 826 1322; x_wconf 83' lang='lat' dir='ltr'>quas</span> <span class='ocrx_word' id='word_1_73' title='bbox 854 1230 1012 1299; x_wconf 85' lang='lat' dir='ltr'>exomni</span> <span class='ocrx_word' id='word_1_74' title='bbox 1038 1247 1169 1299; x_wconf 90' lang='lat' dir='ltr'>nunero</span> <span class='ocrx_word' id='word_1_75' title='bbox 1193 1229 1335 1320; x_wconf 82' lang='lat' dir='ltr'>gregia,</span> <span class='ocrx_word' id='word_1_76' title='bbox 1359 1236 1394 1298; x_wconf 90' lang='lat' dir='ltr'>nt</span> <span class='ocrx_word' id='word_1_77' title='bbox 1408 1225 1502 1299; x_wconf 76' lang='lat' dir='ltr'>toro</span> 
     </span>
     <span class='ocr_line' id='line_1_10' title="bbox 208 1330 1502 1429; baseline -0.004 -24"><span class='ocrx_word' id='word_1_78' title='bbox 208 1342 340 1429; x_wconf 87' lang='lat' dir='ltr'>pastor,</span> <span class='ocrx_word' id='word_1_79' title='bbox 366 1331 409 1401; x_wconf 90' lang='lat' dir='ltr'>ad</span> <span class='ocrx_word' id='word_1_80' title='bbox 437 1330 709 1403; x_wconf 87' lang='lat' dir='ltr'>conservandam</span> <span class='ocrx_word' id='word_1_81' title='bbox 731 1352 894 1401; x_wconf 90' lang='lat' dir='ltr'>coronam</span> <span class='ocrx_word' id='word_1_82' title='bbox 916 1339 1104 1426; x_wconf 70' lang='lat' dir='ltr'>perpetuae</span> <span class='ocrx_word' id='word_1_83' title='bbox 1127 1332 1344 1422; x_wconf 83' lang='lat' dir='ltr'>virginitatis</span> <span class='ocrx_word' id='word_1_84' title='bbox 1367 1338 1398 1400; x_wconf 91' lang='lat' dir='ltr'>et</span> <span class='ocrx_word' id='word_1_85' title='bbox 1416 1330 1502 1400; x_wconf 87' lang='lat' dir='ltr'>castl-</span> 
     </span>
     <span class='ocr_line' id='line_1_11' title="bbox 209 1432 1500 1528; baseline -0.003 -23"><span class='ocrx_word' id='word_1_86' title='bbox 209 1436 358 1505; x_wconf 89' lang='lat' dir='ltr'>moniam</span> <span class='ocrx_word' id='word_1_87' title='bbox 383 1435 515 1505; x_wconf 90' lang='lat' dir='ltr'>animae</span> <span class='ocrx_word' id='word_1_88' title='bbox 540 1432 672 1524; x_wconf 85' lang='lat' dir='ltr'>eligere</span> <span class='ocrx_word' id='word_1_89' title='bbox 699 1432 854 1525; x_wconf 85' lang='lat' dir='ltr'>dignatus</span> <span class='ocrx_word' id='word_1_90' title='bbox 881 1455 938 1521; x_wconf 90' lang='lat' dir='ltr'>es,</span> <span class='ocrx_word' id='word_1_91' title='bbox 972 1441 1051 1503; x_wconf 89' lang='lat' dir='ltr'>tuae</span> <span class='ocrx_word' id='word_1_92' title='bbox 1077 1435 1310 1528; x_wconf 81' lang='lat' dir='ltr'>protectionis</span> <span class='ocrx_word' id='word_1_93' title='bbox 1336 1440 1420 1503; x_wconf 84' lang='lat' dir='ltr'>scuto</span> <span class='ocrx_word' id='word_1_94' title='bbox 1442 1432 1500 1501; x_wconf 84' lang='lat' dir='ltr'>cir·</span> 
     </span>
     <span class='ocr_line' id='line_1_12' title="bbox 211 1534 1500 1629; baseline -0.003 -22"><span class='ocrx_word' id='word_1_95' title='bbox 211 1545 390 1627; x_wconf 84' lang='lat' dir='ltr'>cumtege,</span> <span class='ocrx_word' id='word_1_96' title='bbox 423 1545 457 1609; x_wconf 91' lang='lat' dir='ltr'>et</span> <span class='ocrx_word' id='word_1_97' title='bbox 482 1534 527 1605; x_wconf 90' lang='lat' dir='ltr'>ad</span> <span class='ocrx_word' id='word_1_98' title='bbox 549 1554 650 1607; x_wconf 90' lang='lat' dir='ltr'>omno</span> <span class='ocrx_word' id='word_1_99' title='bbox 673 1556 760 1629; x_wconf 90' lang='lat' dir='ltr'>opus</span> <span class='ocrx_word' id='word_1_100' title='bbox 782 1537 915 1608; x_wconf 88' lang='lat' dir='ltr'>virtutis</span> <span class='ocrx_word' id='word_1_101' title='bbox 936 1545 969 1605; x_wconf 89' lang='lat' dir='ltr'>et</span> <span class='ocrx_word' id='word_1_102' title='bbox 991 1534 1124 1627; x_wconf 86' lang='lat' dir='ltr'>gloriae</span> <span class='ocrx_word' id='word_1_103' title='bbox 1143 1537 1372 1627; x_wconf 71' lang='lat' dir='ltr'>magistrante</span> <span class='ocrx_word' id='word_1_104' title='bbox 1387 1535 1500 1629; x_wconf 84' lang='lat' dir='ltr'>sapien</span> 
     </span>
     <span class='ocr_line' id='line_1_13' title="bbox 211 1633 1499 1733; baseline -0.004 -24"><span class='ocrx_word' id='word_1_105' title='bbox 211 1641 276 1726; x_wconf 90' lang='lat' dir='ltr'>tia,</span> <span class='ocrx_word' id='word_1_106' title='bbox 303 1659 491 1733; x_wconf 87' lang='lat' dir='ltr'>praepara,</span> <span class='ocrx_word' id='word_1_107' title='bbox 517 1646 555 1708; x_wconf 91' lang='lat' dir='ltr'>ut</span> <span class='ocrx_word' id='word_1_108' title='bbox 579 1639 758 1709; x_wconf 87' lang='lat' dir='ltr'>vincentes</span> <span class='ocrx_word' id='word_1_109' title='bbox 780 1640 890 1710; x_wconf 91' lang='lat' dir='ltr'>carnis</span> <span class='ocrx_word' id='word_1_110' title='bbox 916 1636 1119 1726; x_wconf 86' lang='lat' dir='ltr'>illecebras,</span> <span class='ocrx_word' id='word_1_111' title='bbox 1148 1646 1182 1708; x_wconf 92' lang='lat' dir='ltr'>et</span> <span class='ocrx_word' id='word_1_112' title='bbox 1205 1637 1330 1708; x_wconf 85' lang='lat' dir='ltr'>illicita</span> <span class='ocrx_word' id='word_1_113' title='bbox 1356 1633 1499 1708; x_wconf 78' lang='lat' dir='ltr'>cannulis</span> 
     </span>
     <span class='ocr_line' id='line_1_14' title="bbox 166 1732 1522 1832; baseline 0 -21"><span class='ocrx_word' id='word_1_114' title='bbox 166 1732 171 1749; x_wconf 62' lang='lat'>¹</span> <span class='ocrx_word' id='word_1_115' title='bbox 208 1749 423 1828; x_wconf 79' lang='lat' dir='ltr'>recusantes,</span> <span class='ocrx_word' id='word_1_116' title='bbox 448 1737 665 1814; x_wconf 83' lang='lat' dir='ltr'>insolubilem</span> <span class='ocrx_word' id='word_1_117' title='bbox 692 1738 770 1810; x_wconf 88' lang='lat' dir='ltr'>Filii</span> <span class='ocrx_word' id='word_1_118' title='bbox 796 1744 843 1813; x_wconf 91' lang='lat' dir='ltr'>tui</span> <span class='ocrx_word' id='word_1_119' title='bbox 860 1740 1005 1812; x_wconf 85' lang='lat' dir='ltr'>Domini</span> <span class='ocrx_word' id='word_1_120' title='bbox 1030 1741 1137 1812; x_wconf 88' lang='lat' dir='ltr'>nostri</span> <span class='ocrx_word' id='word_1_121' title='bbox 1159 1736 1242 1812; x_wconf 86' lang='lat' dir='ltr'>lesu</span> <span class='ocrx_word' id='word_1_122' title='bbox 1266 1737 1392 1813; x_wconf 81' lang='lat' dir='ltr'>Christi</span> <span class='ocrx_word' id='word_1_123' title='bbox 1413 1758 1522 1832; x_wconf 64' lang='lat' dir='ltr'>copo-2</span> 
     </span>
     <span class='ocr_line' id='line_1_15' title="bbox 209 1814 1522 1965; baseline -0.002 -52"><span class='ocrx_word' id='word_1_124' title='bbox 209 1843 277 1913; x_wconf 87' lang='lat' dir='ltr'>lam</span> <span class='ocrx_word' id='word_1_125' title='bbox 312 1853 528 1913; x_wconf 78' lang='lat' dir='ltr'>mereantur·</span> <span class='ocrx_word' id='word_1_126' title='bbox 568 1841 630 1913; x_wconf 87' lang='lat' dir='ltr'>llis</span> <span class='ocrx_word' id='word_1_127' title='bbox 658 1844 803 1938; x_wconf 89' lang='lat' dir='ltr'>petimus</span> <span class='ocrx_word' id='word_1_128' title='bbox 830 1842 975 1914; x_wconf 87' lang='lat' dir='ltr'>Domino</span> <span class='ocrx_word' id='word_1_129' title='bbox 1007 1864 1098 1913; x_wconf 93' lang='lat' dir='ltr'>arma</span> <span class='ocrx_word' id='word_1_130' title='bbox 1125 1863 1322 1934; x_wconf 89' lang='lat' dir='ltr'>suggeras,</span> <span class='ocrx_word' id='word_1_131' title='bbox 1353 1862 1417 1912; x_wconf 91' lang='lat' dir='ltr'>nou</span> <span class='ocrx_word' id='word_1_132' title='bbox 1439 1814 1522 1965; x_wconf 47' lang='grc' dir='ltr'>ιιι-ἱ</span> 
     </span>
     <span class='ocr_line' id='line_1_16' title="bbox 209 1943 1522 2041; baseline -0.001 -26"><span class='ocrx_word' id='word_1_133' title='bbox 209 1945 300 2015; x_wconf 92' lang='lat' dir='ltr'>nalia</span> <span class='ocrx_word' id='word_1_134' title='bbox 332 1943 394 2016; x_wconf 87' lang='lat' dir='ltr'>sed</span> <span class='ocrx_word' id='word_1_135' title='bbox 427 1947 566 2041; x_wconf 88' lang='lat' dir='ltr'>spiritus</span> <span class='ocrx_word' id='word_1_136' title='bbox 598 1947 724 2016; x_wconf 86' lang='lat' dir='ltr'>virtute</span> <span class='ocrx_word' id='word_1_137' title='bbox 752 1947 924 2041; x_wconf 88' lang='lat' dir='ltr'>potentia,</span> <span class='ocrx_word' id='word_1_138' title='bbox 953 1954 991 2015; x_wconf 92' lang='lat' dir='ltr'>ut</span> <span class='ocrx_word' id='word_1_139' title='bbox 1015 1954 1050 2015; x_wconf 92' lang='lat' dir='ltr'>te</span> <span class='ocrx_word' id='word_1_140' title='bbox 1077 1949 1274 2034; x_wconf 80' lang='lat' dir='ltr'>muniente,</span> <span class='ocrx_word' id='word_1_141' title='bbox 1301 1964 1412 2016; x_wconf 86' lang='lat' dir='ltr'>aarum</span> <span class='ocrx_word' id='word_1_142' title='bbox 1435 1961 1492 2014; x_wconf 82' lang='lat' dir='ltr'>sen</span> <span class='ocrx_word' id='word_1_143' title='bbox 1520 1980 1522 2027; x_wconf 78' lang='grc' dir='ltr'>ς</span> 
     </span>
     <span class='ocr_line' id='line_1_17' title="bbox 210 2042 1522 2143; baseline -0.005 -23"><span class='ocrx_word' id='word_1_144' title='bbox 210 2067 270 2120; x_wconf 90' lang='lat' dir='ltr'>sus</span> <span class='ocrx_word' id='word_1_145' title='bbox 297 2056 330 2117; x_wconf 93' lang='lat' dir='ltr'>et</span> <span class='ocrx_word' id='word_1_146' title='bbox 355 2047 519 2137; x_wconf 87' lang='lat' dir='ltr'>membra,</span> <span class='ocrx_word' id='word_1_147' title='bbox 542 2049 577 2117; x_wconf 91' lang='lat' dir='ltr'>in</span> <span class='ocrx_word' id='word_1_148' title='bbox 599 2069 716 2118; x_wconf 81' lang='lat' dir='ltr'>aarum</span> <span class='ocrx_word' id='word_1_149' title='bbox 744 2047 943 2143; x_wconf 87' lang='lat' dir='ltr'>corporibus</span> <span class='ocrx_word' id='word_1_150' title='bbox 969 2057 1004 2118; x_wconf 88' lang='lat' dir='ltr'>et</span> <span class='ocrx_word' id='word_1_151' title='bbox 1026 2046 1202 2119; x_wconf 90' lang='lat' dir='ltr'>animabus</span> <span class='ocrx_word' id='word_1_152' title='bbox 1229 2068 1302 2119; x_wconf 91' lang='lat' dir='ltr'>non</span> <span class='ocrx_word' id='word_1_153' title='bbox 1326 2047 1427 2141; x_wconf 86' lang='lat' dir='ltr'>possit</span> <span class='ocrx_word' id='word_1_154' title='bbox 1449 2042 1494 2114; x_wconf 84' lang='lat' dir='ltr'>tlo</span> <span class='ocrx_word' id='word_1_155' title='bbox 1520 2058 1522 2063; x_wconf 82' lang='lat'>&#39;</span> 
     </span>
     <span class='ocr_line' id='line_1_18' title="bbox 209 2143 1493 2245; baseline -0.005 -25"><span class='ocrx_word' id='word_1_156' title='bbox 209 2151 330 2220; x_wconf 91' lang='lat' dir='ltr'>minari</span> <span class='ocrx_word' id='word_1_157' title='bbox 356 2159 553 2243; x_wconf 88' lang='lat' dir='ltr'>peccatum,</span> <span class='ocrx_word' id='word_1_158' title='bbox 581 2172 623 2220; x_wconf 93' lang='lat' dir='ltr'>ac</span> <span class='ocrx_word' id='word_1_159' title='bbox 648 2147 711 2223; x_wconf 84' lang='lat' dir='ltr'>sut</span> <span class='ocrx_word' id='word_1_160' title='bbox 736 2158 792 2220; x_wconf 93' lang='lat' dir='ltr'>tua</span> <span class='ocrx_word' id='word_1_161' title='bbox 812 2153 919 2243; x_wconf 86' lang='lat' dir='ltr'>gratia</span> <span class='ocrx_word' id='word_1_162' title='bbox 944 2151 1067 2220; x_wconf 87' lang='lat' dir='ltr'>vivere</span> <span class='ocrx_word' id='word_1_163' title='bbox 1089 2148 1323 2245; x_wconf 87' lang='lat' dir='ltr'>cupientibus,</span> <span class='ocrx_word' id='word_1_164' title='bbox 1347 2146 1424 2217; x_wconf 87' lang='lat' dir='ltr'>nlln&#39;l</span> <span class='ocrx_word' id='word_1_165' title='bbox 1442 2143 1493 2215; x_wconf 87' lang='lat' dir='ltr'>sili</span> 
     </span>
     <span class='ocr_line' id='line_1_19' title="bbox 126 2248 1493 2345; baseline -0.005 -23"><span class='ocrx_word' id='word_1_166' title='bbox 126 2340 129 2345; x_wconf 19' lang='grc' dir='ltr'>Ι</span> <span class='ocrx_word' id='word_1_167' title='bbox 211 2248 374 2323; x_wconf 87' lang='lat' dir='ltr'>defensor</span> <span class='ocrx_word' id='word_1_168' title='bbox 403 2251 570 2321; x_wconf 89' lang='lat' dir='ltr'>mulorum</span> <span class='ocrx_word' id='word_1_169' title='bbox 597 2260 632 2322; x_wconf 90' lang='lat' dir='ltr'>et</span> <span class='ocrx_word' id='word_1_170' title='bbox 656 2252 810 2324; x_wconf 89' lang='lat' dir='ltr'>inimicus</span> <span class='ocrx_word' id='word_1_171' title='bbox 835 2250 1003 2323; x_wconf 89' lang='lat' dir='ltr'>bonorum</span> <span class='ocrx_word' id='word_1_172' title='bbox 1030 2251 1072 2322; x_wconf 89' lang='lat' dir='ltr'>de</span> <span class='ocrx_word' id='word_1_173' title='bbox 1099 2250 1151 2322; x_wconf 91' lang='lat' dir='ltr'>his</span> <span class='ocrx_word' id='word_1_174' title='bbox 1177 2255 1277 2325; x_wconf 81' lang='lat' dir='ltr'>vasis</span> <span class='ocrx_word' id='word_1_175' title='bbox 1300 2249 1418 2322; x_wconf 87' lang='lat' dir='ltr'>nomini</span> <span class='ocrx_word' id='word_1_176' title='bbox 1442 2256 1493 2318; x_wconf 90' lang='lat' dir='ltr'>tuo</span> 
     </span>
     <span class='ocr_line' id='line_1_20' title="bbox 211 2348 1493 2448; baseline -0.005 -24"><span class='ocrx_word' id='word_1_177' title='bbox 211 2355 421 2426; x_wconf 87' lang='lat' dir='ltr'>consecratis</span> <span class='ocrx_word' id='word_1_178' title='bbox 443 2353 652 2448; x_wconf 68' lang='lat' dir='ltr'>,praevaleat</span> <span class='ocrx_word' id='word_1_179' title='bbox 686 2352 870 2426; x_wconf 86' lang='lat' dir='ltr'>vindicare.</span> <span class='ocrx_word' id='word_1_180' title='bbox 922 2352 1062 2427; x_wconf 88' lang='lat' dir='ltr'>Omnem</span> <span class='ocrx_word' id='word_1_181' title='bbox 1098 2355 1201 2426; x_wconf 89' lang='lat' dir='ltr'>etiam</span> <span class='ocrx_word' id='word_1_182' title='bbox 1236 2356 1393 2426; x_wconf 79' lang='lat' dir='ltr'>nocivum</span> <span class='ocrx_word' id='word_1_183' title='bbox 1414 2348 1493 2419; x_wconf 91' lang='lat' dir='ltr'>calo-</span> 
     </span>
     <span class='ocr_line' id='line_1_21' title="bbox 209 2454 1493 2551; baseline -0.006 -24"><span class='ocrx_word' id='word_1_184' title='bbox 209 2477 283 2527; x_wconf 91' lang='lat' dir='ltr'>rem</span> <span class='ocrx_word' id='word_1_185' title='bbox 306 2454 413 2526; x_wconf 89' lang='lat' dir='ltr'>lmber</span> <span class='ocrx_word' id='word_1_186' title='bbox 433 2458 564 2549; x_wconf 91' lang='lat' dir='ltr'>gratiae</span> <span class='ocrx_word' id='word_1_187' title='bbox 585 2465 664 2527; x_wconf 92' lang='lat' dir='ltr'>tuae</span> <span class='ocrx_word' id='word_1_188' title='bbox 691 2456 850 2532; x_wconf 88' lang='lat' dir='ltr'>coelestis</span> <span class='ocrx_word' id='word_1_189' title='bbox 873 2459 1061 2549; x_wconf 84' lang='lat' dir='ltr'>extinguat,</span> <span class='ocrx_word' id='word_1_190' title='bbox 1082 2456 1198 2527; x_wconf 90' lang='lat' dir='ltr'>lumen</span> <span class='ocrx_word' id='word_1_191' title='bbox 1220 2478 1310 2529; x_wconf 89' lang='lat' dir='ltr'>vero</span> <span class='ocrx_word' id='word_1_192' title='bbox 1330 2462 1493 2551; x_wconf 85' lang='lat' dir='ltr'>perpetuae</span> 
     </span>
     <span class='ocr_line' id='line_1_22' title="bbox 210 2555 1493 2655; baseline -0.004 -27"><span class='ocrx_word' id='word_1_193' title='bbox 210 2558 372 2628; x_wconf 87' lang='lat' dir='ltr'>castitatis</span> <span class='ocrx_word' id='word_1_194' title='bbox 398 2556 574 2645; x_wconf 89' lang='lat' dir='ltr'>accendat,</span> <span class='ocrx_word' id='word_1_195' title='bbox 601 2556 707 2632; x_wconf 85' lang='lat' dir='ltr'>facies</span> <span class='ocrx_word' id='word_1_196' title='bbox 733 2558 853 2654; x_wconf 89' lang='lat' dir='ltr'>pudica</span> <span class='ocrx_word' id='word_1_197' title='bbox 880 2558 1047 2633; x_wconf 89' lang='lat' dir='ltr'>scandulis</span> <span class='ocrx_word' id='word_1_198' title='bbox 1074 2580 1143 2629; x_wconf 93' lang='lat' dir='ltr'>uon</span> <span class='ocrx_word' id='word_1_199' title='bbox 1169 2569 1308 2655; x_wconf 87' lang='lat' dir='ltr'>pareat,</span> <span class='ocrx_word' id='word_1_200' title='bbox 1331 2578 1435 2650; x_wconf 86' lang='lat' dir='ltr'>neque</span> <span class='ocrx_word' id='word_1_201' title='bbox 1456 2555 1493 2623; x_wconf 89' lang='lat' dir='ltr'>in-</span> 
     </span>
     <span class='ocr_line' id='line_1_23' title="bbox 211 2656 1492 2757; baseline -0.005 -26"><span class='ocrx_word' id='word_1_202' title='bbox 211 2661 317 2731; x_wconf 88' lang='lat' dir='ltr'>cautis</span> <span class='ocrx_word' id='word_1_203' title='bbox 351 2662 569 2733; x_wconf 86' lang='lat' dir='ltr'>occasionem</span> <span class='ocrx_word' id='word_1_204' title='bbox 595 2660 717 2731; x_wconf 91' lang='lat' dir='ltr'>tribuat</span> <span class='ocrx_word' id='word_1_205' title='bbox 742 2661 948 2754; x_wconf 71' lang='lat' dir='ltr'>negligentia</span> <span class='ocrx_word' id='word_1_206' title='bbox 976 2660 1202 2755; x_wconf 84' lang='lat' dir='ltr'>delinquendi.</span> <span class='ocrx_word' id='word_1_207' title='bbox 1261 2660 1381 2757; x_wconf 82' lang='lat' dir='ltr'>Sitque</span> <span class='ocrx_word' id='word_1_208' title='bbox 1403 2660 1433 2731; x_wconf 86' lang='lat' dir='ltr'>in</span> <span class='ocrx_word' id='word_1_209' title='bbox 1454 2656 1492 2724; x_wconf 86' lang='lat' dir='ltr'>eis</span> 
     </span>
     <span class='ocr_line' id='line_1_24' title="bbox 210 2761 1493 2858; baseline 0.002 -26"><span class='ocrx_word' id='word_1_210' title='bbox 210 2772 304 2834; x_wconf 89' lang='lat' dir='ltr'>casta</span> <span class='ocrx_word' id='word_1_211' title='bbox 325 2761 527 2852; x_wconf 85' lang='lat' dir='ltr'>virginitas,</span> <span class='ocrx_word' id='word_1_212' title='bbox 555 2762 620 2832; x_wconf 91' lang='lat' dir='ltr'>sint</span> <span class='ocrx_word' id='word_1_213' title='bbox 643 2770 782 2834; x_wconf 88' lang='lat' dir='ltr'>ornatae</span> <span class='ocrx_word' id='word_1_214' title='bbox 809 2767 937 2858; x_wconf 87' lang='lat' dir='ltr'>pariter</span> <span class='ocrx_word' id='word_1_215' title='bbox 960 2772 994 2833; x_wconf 88' lang='lat' dir='ltr'>et</span> <span class='ocrx_word' id='word_1_216' title='bbox 1020 2772 1170 2833; x_wconf 87' lang='lat' dir='ltr'>armatae</span> <span class='ocrx_word' id='word_1_217' title='bbox 1196 2761 1265 2834; x_wconf 87' lang='lat' dir='ltr'>lide</span> <span class='ocrx_word' id='word_1_218' title='bbox 1288 2766 1425 2855; x_wconf 79' lang='lat' dir='ltr'>integri,</span> <span class='ocrx_word' id='word_1_219' title='bbox 1443 2778 1493 2852; x_wconf 78' lang='lat' dir='ltr'>apt</span> 
     </span>
     <span class='ocr_line' id='line_1_25' title="bbox 210 2862 1492 2961; baseline -0.003 -26"><span class='ocrx_word' id='word_1_220' title='bbox 210 2871 318 2951; x_wconf 87' lang='lat' dir='ltr'>certa,</span> <span class='ocrx_word' id='word_1_221' title='bbox 340 2866 480 2933; x_wconf 89' lang='lat' dir='ltr'>caritate</span> <span class='ocrx_word' id='word_1_222' title='bbox 508 2865 654 2950; x_wconf 88' lang='lat' dir='ltr'>sincera,</span> <span class='ocrx_word' id='word_1_223' title='bbox 682 2875 716 2934; x_wconf 93' lang='lat' dir='ltr'>ut</span> <span class='ocrx_word' id='word_1_224' title='bbox 737 2877 940 2961; x_wconf 90' lang='lat' dir='ltr'>praeparato</span> <span class='ocrx_word' id='word_1_225' title='bbox 966 2867 1075 2935; x_wconf 91' lang='lat' dir='ltr'>animo</span> <span class='ocrx_word' id='word_1_226' title='bbox 1103 2864 1145 2934; x_wconf 82' lang='lat' dir='ltr'>aul</span> <span class='ocrx_word' id='word_1_227' title='bbox 1168 2868 1422 2953; x_wconf 87' lang='lat' dir='ltr'>continentiam,</span> <span class='ocrx_word' id='word_1_228' title='bbox 1438 2862 1492 2931; x_wconf 82' lang='lat' dir='ltr'>uit·</span> 
     </span>
     <span class='ocr_line' id='line_1_26' title="bbox 208 2965 1493 3063; baseline -0.004 -26"><span class='ocrx_word' id='word_1_229' title='bbox 208 2976 263 3037; x_wconf 93' lang='lat' dir='ltr'>tus</span> <span class='ocrx_word' id='word_1_230' title='bbox 282 2974 375 3035; x_wconf 89' lang='lat' dir='ltr'>tanta</span> <span class='ocrx_word' id='word_1_231' title='bbox 396 2973 601 3060; x_wconf 88' lang='lat' dir='ltr'>praestetur,</span> <span class='ocrx_word' id='word_1_232' title='bbox 623 2987 711 3060; x_wconf 89' lang='lat' dir='ltr'>quae</span> <span class='ocrx_word' id='word_1_233' title='bbox 731 2977 866 3063; x_wconf 89' lang='lat' dir='ltr'>superat</span> <span class='ocrx_word' id='word_1_234' title='bbox 881 2965 1006 3039; x_wconf 89' lang='lat' dir='ltr'>diaboli</span> <span class='ocrx_word' id='word_1_235' title='bbox 1024 2970 1185 3043; x_wconf 87' lang='lat' dir='ltr'>universa</span> <span class='ocrx_word' id='word_1_236' title='bbox 1204 2965 1369 3061; x_wconf 86' lang='lat' dir='ltr'>figmenta</span> <span class='ocrx_word' id='word_1_237' title='bbox 1384 2976 1417 3038; x_wconf 87' lang='lat' dir='ltr'>et</span> <span class='ocrx_word' id='word_1_238' title='bbox 1432 2981 1493 3035; x_wconf 88' lang='lat' dir='ltr'>cou-</span> 
     </span>
     <span class='ocr_line' id='line_1_27' title="bbox 208 3064 1494 3167; baseline -0.002 -30"><span class='ocrx_word' id='word_1_239' title='bbox 208 3065 391 3137; x_wconf 87' lang='lat' dir='ltr'>temnendo</span> <span class='ocrx_word' id='word_1_240' title='bbox 424 3070 617 3164; x_wconf 88' lang='lat' dir='ltr'>praesentia</span> <span class='ocrx_word' id='word_1_241' title='bbox 650 3066 761 3139; x_wconf 87' lang='lat' dir='ltr'>futura</span> <span class='ocrx_word' id='word_1_242' title='bbox 796 3080 986 3159; x_wconf 88' lang='lat' dir='ltr'>sectentur,</span> <span class='ocrx_word' id='word_1_243' title='bbox 1021 3072 1144 3140; x_wconf 89' lang='lat' dir='ltr'>ieiunia</span> <span class='ocrx_word' id='word_1_244' title='bbox 1178 3070 1292 3167; x_wconf 89' lang='lat' dir='ltr'>epulis</span> <span class='ocrx_word' id='word_1_245' title='bbox 1325 3064 1494 3142; x_wconf 79' lang='lat' dir='ltr'>carnalibus</span> 
     </span>
     <span class='ocr_line' id='line_1_28' title="bbox 207 3167 1494 3270; baseline -0.001 -32"><span class='ocrx_word' id='word_1_246' title='bbox 207 3167 421 3263; x_wconf 85' lang='lat' dir='ltr'>praeferant,</span> <span class='ocrx_word' id='word_1_247' title='bbox 448 3169 615 3243; x_wconf 87' lang='lat' dir='ltr'>lectiones</span> <span class='ocrx_word' id='word_1_248' title='bbox 637 3190 751 3243; x_wconf 91' lang='lat' dir='ltr'>sacras</span> <span class='ocrx_word' id='word_1_249' title='bbox 774 3182 810 3244; x_wconf 87' lang='lat' dir='ltr'>et</span> <span class='ocrx_word' id='word_1_250' title='bbox 830 3176 1002 3245; x_wconf 88' lang='lat' dir='ltr'>orationes</span> <span class='ocrx_word' id='word_1_251' title='bbox 1028 3173 1197 3244; x_wconf 88' lang='lat' dir='ltr'>conviviis</span> <span class='ocrx_word' id='word_1_252' title='bbox 1224 3184 1261 3246; x_wconf 88' lang='lat' dir='ltr'>et</span> <span class='ocrx_word' id='word_1_253' title='bbox 1286 3167 1494 3270; x_wconf 82' lang='lat' dir='ltr'>potationibus</span> 
     </span>
     <span class='ocr_line' id='line_1_29' title="bbox 208 3270 1493 3372; baseline -0.002 -33"><span class='ocrx_word' id='word_1_254' title='bbox 208 3277 427 3365; x_wconf 90' lang='lat' dir='ltr'>anteponant,</span> <span class='ocrx_word' id='word_1_255' title='bbox 448 3282 486 3342; x_wconf 92' lang='lat' dir='ltr'>ut</span> <span class='ocrx_word' id='word_1_256' title='bbox 508 3272 716 3345; x_wconf 90' lang='lat' dir='ltr'>orationibus</span> <span class='ocrx_word' id='word_1_257' title='bbox 737 3284 856 3369; x_wconf 88' lang='lat' dir='ltr'>pastae</span> <span class='ocrx_word' id='word_1_258' title='bbox 875 3287 912 3346; x_wconf 85' lang='lat' dir='ltr'>et</span> <span class='ocrx_word' id='word_1_259' title='bbox 933 3272 1177 3346; x_wconf 85' lang='lat' dir='ltr'>eruditionibus</span> <span class='ocrx_word' id='word_1_260' title='bbox 1196 3276 1374 3372; x_wconf 86' lang='lat' dir='ltr'>expletae,</span> <span class='ocrx_word' id='word_1_261' title='bbox 1393 3270 1493 3343; x_wconf 86' lang='lat' dir='ltr'>illumi·</span> 
     </span>
     <span class='ocr_line' id='line_1_30' title="bbox 207 3373 1493 3471; baseline -0.001 -30"><span class='ocrx_word' id='word_1_262' title='bbox 207 3382 309 3442; x_wconf 90' lang='lat' dir='ltr'>natae</span> <span class='ocrx_word' id='word_1_263' title='bbox 330 3373 472 3464; x_wconf 83' lang='lat' dir='ltr'>vigiliis,</span> <span class='ocrx_word' id='word_1_264' title='bbox 499 3394 586 3468; x_wconf 88' lang='lat' dir='ltr'>opos</span> <span class='ocrx_word' id='word_1_265' title='bbox 608 3379 738 3466; x_wconf 88' lang='lat' dir='ltr'>gratiae</span> <span class='ocrx_word' id='word_1_266' title='bbox 763 3376 936 3471; x_wconf 86' lang='lat' dir='ltr'>virginalis</span> <span class='ocrx_word' id='word_1_267' title='bbox 959 3386 1153 3449; x_wconf 86' lang='lat' dir='ltr'>exerceant.</span> <span class='ocrx_word' id='word_1_268' title='bbox 1202 3376 1266 3451; x_wconf 88' lang='lat' dir='ltr'>llis</span> <span class='ocrx_word' id='word_1_269' title='bbox 1286 3381 1390 3470; x_wconf 87' lang='lat' dir='ltr'>igitur</span> <span class='ocrx_word' id='word_1_270' title='bbox 1408 3376 1493 3444; x_wconf 79' lang='lat' dir='ltr'>uirtu-</span> 
     </span>
     <span class='ocr_line' id='line_1_31' title="bbox 207 3474 1494 3574; baseline 0 -30"><span class='ocrx_word' id='word_1_271' title='bbox 207 3484 277 3544; x_wconf 89' lang='lat' dir='ltr'>tum</span> <span class='ocrx_word' id='word_1_272' title='bbox 301 3477 403 3545; x_wconf 90' lang='lat' dir='ltr'>armis</span> <span class='ocrx_word' id='word_1_273' title='bbox 427 3474 487 3546; x_wconf 88' lang='lat' dir='ltr'>has</span> <span class='ocrx_word' id='word_1_274' title='bbox 507 3484 584 3547; x_wconf 90' lang='lat' dir='ltr'>tuas</span> <span class='ocrx_word' id='word_1_275' title='bbox 605 3476 748 3551; x_wconf 82' lang='lat' dir='ltr'>famulas</span> <span class='ocrx_word' id='word_1_276' title='bbox 767 3489 842 3553; x_wconf 88' lang='lat' dir='ltr'>tuas</span> <span class='ocrx_word' id='word_1_277' title='bbox 861 3482 1003 3552; x_wconf 88' lang='lat' dir='ltr'>interius</span> <span class='ocrx_word' id='word_1_278' title='bbox 1024 3481 1248 3574; x_wconf 86' lang='lat' dir='ltr'>exteriusque</span> <span class='ocrx_word' id='word_1_279' title='bbox 1270 3479 1494 3555; x_wconf 76' lang='lat' dir='ltr'>connumera,</span> 
     </span>
     <span class='ocr_line' id='line_1_32' title="bbox 205 3576 1494 3678; baseline 0.006 -33"><span class='ocrx_word' id='word_1_280' title='bbox 205 3585 359 3670; x_wconf 84' lang='lat' dir='ltr'>praesta,</span> <span class='ocrx_word' id='word_1_281' title='bbox 378 3576 579 3648; x_wconf 86' lang='lat' dir='ltr'>inollensum</span> <span class='ocrx_word' id='word_1_282' title='bbox 602 3601 738 3653; x_wconf 87' lang='lat' dir='ltr'>cursum</span> <span class='ocrx_word' id='word_1_283' title='bbox 764 3584 964 3677; x_wconf 84' lang='lat' dir='ltr'>virginitatis</span> <span class='ocrx_word' id='word_1_284' title='bbox 983 3581 1137 3678; x_wconf 89' lang='lat' dir='ltr'>implere,</span> <span class='ocrx_word' id='word_1_285' title='bbox 1163 3602 1229 3678; x_wconf 91' lang='lat' dir='ltr'>per</span> <span class='ocrx_word' id='word_1_286' title='bbox 1254 3580 1416 3657; x_wconf 74' lang='lat' dir='ltr'>Ghru&#39;stum</span> <span class='ocrx_word' id='word_1_287' title='bbox 1434 3576 1494 3646; x_wconf 77' lang='lat' dir='ltr'>llo·</span> 
     </span>
     <span class='ocr_line' id='line_1_33' title="bbox 206 3679 766 3771; baseline 0.016 -25"><span class='ocrx_word' id='word_1_288' title='bbox 206 3679 332 3747; x_wconf 93' lang='lat' dir='ltr'>minum</span> <span class='ocrx_word' id='word_1_289' title='bbox 353 3686 517 3751; x_wconf 88' lang='lat' dir='ltr'>nostrum.</span> <span class='ocrx_word' id='word_1_290' title='bbox 561 3682 604 3770; x_wconf 76' lang='grc' dir='ltr'>ιιι.</span> <span class='ocrx_word' id='word_1_291' title='bbox 632 3680 766 3771; x_wconf 25' lang='lat' dir='ltr'>Amen..</span> 
     </span>
    </p>
   </div>
   <div class='ocr_carea' id='block_1_3' title="bbox 205 3844 1494 4027">
    <p class='ocr_par' dir='ltr' id='par_1_3' title="bbox 205 3844 1494 4027">
     <span class='ocr_line' id='line_1_34' title="bbox 310 3844 1494 3933; baseline 0.007 -28"><span class='ocrx_word' id='word_1_292' title='bbox 310 3844 382 3926; x_wconf 86' lang='lat' dir='ltr'>&#39;lum</span> <span class='ocrx_word' id='word_1_293' title='bbox 396 3845 551 3928; x_wconf 78' lang='lat' dir='ltr'>Pontifex,</span> <span class='ocrx_word' id='word_1_294' title='bbox 573 3859 695 3931; x_wconf 90' lang='lat' dir='ltr'>accepta</span> <span class='ocrx_word' id='word_1_295' title='bbox 709 3852 793 3913; x_wconf 85' lang='lat' dir='ltr'>mitra</span> <span class='ocrx_word' id='word_1_296' title='bbox 805 3859 887 3912; x_wconf 83' lang='lat' dir='ltr'>staur</span> <span class='ocrx_word' id='word_1_297' title='bbox 901 3850 971 3913; x_wconf 79' lang='lat' dir='ltr'>(licit</span> <span class='ocrx_word' id='word_1_298' title='bbox 984 3861 1156 3933; x_wconf 84' lang='lat' dir='ltr'>sequentem</span> <span class='ocrx_word' id='word_1_299' title='bbox 1170 3851 1405 3919; x_wconf 78' lang='lat' dir='ltr'>Benedictionem</span> <span class='ocrx_word' id='word_1_300' title='bbox 1416 3867 1494 3932; x_wconf 83' lang='lat' dir='ltr'>super</span> 
     </span>
     <span class='ocr_line' id='line_1_35' title="bbox 205 3946 474 4027; baseline 0.022 -23"><span class='ocrx_word' id='word_1_301' title='bbox 205 3946 271 4008; x_wconf 85' lang='lat' dir='ltr'>illas</span> <span class='ocrx_word' id='word_1_302' title='bbox 287 3946 474 4027; x_wconf 66' lang='lat' dir='ltr'>genuflexum</span> 
     </span>
    </p>
   </div>
   <div class='ocr_carea' id='block_1_4' title="bbox 205 4075 1495 4695">
    <p class='ocr_par' dir='ltr' id='par_1_4' title="bbox 205 4075 1495 4695">
     <span class='ocr_line' id='line_1_36' title="bbox 309 4075 1493 4180; baseline 0.005 -33"><span class='ocrx_word' id='word_1_303' title='bbox 309 4075 496 4150; x_wconf 90' lang='lat' dir='ltr'>Benedicat</span> <span class='ocrx_word' id='word_1_304' title='bbox 513 4102 579 4154; x_wconf 88' lang='lat' dir='ltr'>vos</span> <span class='ocrx_word' id='word_1_305' title='bbox 597 4082 692 4157; x_wconf 89' lang='lat' dir='ltr'>Deus</span> <span class='ocrx_word' id='word_1_306' title='bbox 710 4083 868 4176; x_wconf 78' lang='lat' dir='ltr'>Pa†ter,</span> <span class='ocrx_word' id='word_1_307' title='bbox 886 4094 920 4155; x_wconf 91' lang='lat' dir='ltr'>et</span> <span class='ocrx_word' id='word_1_308' title='bbox 937 4084 1089 4178; x_wconf 75' lang='lat' dir='ltr'>Fi†lius</span> <span class='ocrx_word' id='word_1_309' title='bbox 1106 4094 1141 4155; x_wconf 88' lang='lat' dir='ltr'>ot</span> <span class='ocrx_word' id='word_1_310' title='bbox 1158 4082 1312 4179; x_wconf 85' lang='lat' dir='ltr'>Spiritus</span> <span class='ocrx_word' id='word_1_311' title='bbox 1325 4086 1357 4180; x_wconf 80' lang='lat'><em>†</em></span> <span class='ocrx_word' id='word_1_312' title='bbox 1369 4082 1493 4160; x_wconf 86' lang='lat' dir='ltr'>Sanetm</span> 
     </span>
     <span class='ocr_line' id='line_1_37' title="bbox 208 4179 1493 4286; baseline 0.007 -38"><span class='ocrx_word' id='word_1_313' title='bbox 208 4182 298 4250; x_wconf 92' lang='lat' dir='ltr'>omni</span> <span class='ocrx_word' id='word_1_314' title='bbox 318 4179 560 4280; x_wconf 77' lang='lat' dir='ltr'>benedictione</span> <span class='ocrx_word' id='word_1_315' title='bbox 586 4188 769 4281; x_wconf 87' lang='lat' dir='ltr'>spirituali,</span> <span class='ocrx_word' id='word_1_316' title='bbox 796 4197 833 4260; x_wconf 90' lang='lat' dir='ltr'>ut</span> <span class='ocrx_word' id='word_1_317' title='bbox 853 4199 1027 4261; x_wconf 83' lang='lat' dir='ltr'>mauemes</span> <span class='ocrx_word' id='word_1_318' title='bbox 1053 4209 1189 4282; x_wconf 88' lang='lat' dir='ltr'>semper</span> <span class='ocrx_word' id='word_1_319' title='bbox 1210 4189 1442 4286; x_wconf 87' lang='lat' dir='ltr'>incorruptae,</span> <span class='ocrx_word' id='word_1_320' title='bbox 1456 4189 1493 4257; x_wconf 81' lang='lat' dir='ltr'>in</span> 
     </span>
     <span class='ocr_line' id='line_1_38' title="bbox 205 4281 1494 4378; baseline 0.008 -29"><span class='ocrx_word' id='word_1_321' title='bbox 205 4281 355 4352; x_wconf 84' lang='lat' dir='ltr'>violatae</span> <span class='ocrx_word' id='word_1_322' title='bbox 377 4294 411 4353; x_wconf 95' lang='lat' dir='ltr'>et</span> <span class='ocrx_word' id='word_1_323' title='bbox 432 4285 680 4378; x_wconf 86' lang='lat' dir='ltr'>immaculatae,</span> <span class='ocrx_word' id='word_1_324' title='bbox 700 4287 763 4363; x_wconf 87' lang='lat' dir='ltr'>suh</span> <span class='ocrx_word' id='word_1_325' title='bbox 785 4294 987 4362; x_wconf 87' lang='lat' dir='ltr'>vestimento</span> <span class='ocrx_word' id='word_1_326' title='bbox 1005 4300 1142 4364; x_wconf 88' lang='lat' dir='ltr'>sauctae</span> <span class='ocrx_word' id='word_1_327' title='bbox 1158 4287 1294 4363; x_wconf 80' lang='lat' dir='ltr'>Mariae</span> <span class='ocrx_word' id='word_1_328' title='bbox 1311 4296 1426 4365; x_wconf 90' lang='lat' dir='ltr'>matris</span> <span class='ocrx_word' id='word_1_329' title='bbox 1440 4290 1494 4363; x_wconf 84' lang='lat' dir='ltr'>llu-</span> 
     </span>
     <span class='ocr_line' id='line_1_39' title="bbox 205 4384 1494 4492; baseline 0.015 -44"><span class='ocrx_word' id='word_1_330' title='bbox 205 4384 285 4450; x_wconf 88' lang='lat' dir='ltr'>mini</span> <span class='ocrx_word' id='word_1_331' title='bbox 309 4388 418 4458; x_wconf 89' lang='lat' dir='ltr'>nostri</span> <span class='ocrx_word' id='word_1_332' title='bbox 443 4385 521 4461; x_wconf 90' lang='lat' dir='ltr'>lesu</span> <span class='ocrx_word' id='word_1_333' title='bbox 545 4386 680 4481; x_wconf 86' lang='lat' dir='ltr'>Christi,</span> <span class='ocrx_word' id='word_1_334' title='bbox 708 4394 902 4486; x_wconf 88' lang='lat' dir='ltr'>requiescat</span> <span class='ocrx_word' id='word_1_335' title='bbox 927 4415 1118 4489; x_wconf 86' lang='lat' dir='ltr'>supervos</span> <span class='ocrx_word' id='word_1_336' title='bbox 1140 4394 1280 4488; x_wconf 85' lang='lat' dir='ltr'>spiritus</span> <span class='ocrx_word' id='word_1_337' title='bbox 1307 4394 1494 4492; x_wconf 58' lang='lat' dir='ltr'>septiform&amp;</span> 
     </span>
     <span class='ocr_line' id='line_1_40' title="bbox 205 4485 1495 4598; baseline 0.012 -49"><span class='ocrx_word' id='word_1_338' title='bbox 205 4485 347 4598; x_wconf 25' lang='lat' dir='ltr'>gnrautlae,</span> <span class='ocrx_word' id='word_1_339' title='bbox 371 4489 507 4579; x_wconf 91' lang='lat' dir='ltr'>spiritus</span> <span class='ocrx_word' id='word_1_340' title='bbox 530 4497 715 4586; x_wconf 89' lang='lat' dir='ltr'>sapientiae</span> <span class='ocrx_word' id='word_1_341' title='bbox 738 4505 772 4565; x_wconf 90' lang='lat' dir='ltr'>et</span> <span class='ocrx_word' id='word_1_342' title='bbox 790 4495 995 4585; x_wconf 87' lang='lat' dir='ltr'>intellectus,</span> <span class='ocrx_word' id='word_1_343' title='bbox 1018 4498 1155 4591; x_wconf 86' lang='lat' dir='ltr'>spiritus</span> <span class='ocrx_word' id='word_1_344' title='bbox 1174 4497 1313 4569; x_wconf 83' lang='lat' dir='ltr'>consilii</span> <span class='ocrx_word' id='word_1_345' title='bbox 1332 4511 1367 4572; x_wconf 92' lang='lat' dir='ltr'>et</span> <span class='ocrx_word' id='word_1_346' title='bbox 1383 4499 1495 4571; x_wconf 89' lang='lat' dir='ltr'>lortitr·</span> 
     </span>
     <span class='ocr_line' id='line_1_41' title="bbox 206 4579 1495 4695; baseline 0.016 -45"><span class='ocrx_word' id='word_1_347' title='bbox 206 4579 305 4670; x_wconf 76' lang='lat' dir='ltr'>drus,</span> <span class='ocrx_word' id='word_1_348' title='bbox 332 4589 469 4679; x_wconf 88' lang='lat' dir='ltr'>spiritus</span> <span class='ocrx_word' id='word_1_349' title='bbox 494 4596 657 4669; x_wconf 83' lang='lat' dir='ltr'>scientiae</span> <span class='ocrx_word' id='word_1_350' title='bbox 684 4607 719 4671; x_wconf 91' lang='lat' dir='ltr'>et</span> <span class='ocrx_word' id='word_1_351' title='bbox 743 4600 880 4694; x_wconf 88' lang='lat' dir='ltr'>pietatis</span> <span class='ocrx_word' id='word_1_352' title='bbox 904 4609 941 4671; x_wconf 87' lang='lat' dir='ltr'>et</span> <span class='ocrx_word' id='word_1_353' title='bbox 965 4599 1098 4695; x_wconf 82' lang='lat' dir='ltr'>repleat</span> <span class='ocrx_word' id='word_1_354' title='bbox 1122 4618 1189 4671; x_wconf 86' lang='lat' dir='ltr'>ves</span> <span class='ocrx_word' id='word_1_355' title='bbox 1215 4601 1361 4695; x_wconf 88' lang='lat' dir='ltr'>spiritus</span> <span class='ocrx_word' id='word_1_356' title='bbox 1386 4601 1495 4676; x_wconf 72' lang='lat' dir='ltr'>timori</span> 
     </span>
    </p>
   </div>
   <div class='ocr_carea' id='block_1_5' title="bbox 0 0 1528 4942">
    <p class='ocr_par' dir='ltr' id='par_1_5' title="bbox 0 0 1528 4942">
     <span class='ocr_line' id='line_1_42' title="bbox 0 0 1528 4942; baseline 0 0"><span class='ocrx_word' id='word_1_357' title='bbox 0 0 1528 4942; x_wconf 95' lang='lat' dir='ltr'> </span> 
     </span>
    </p>
   </div>
  </div>
 </body>
</html>
