3046 4942
686 290 760 363 affl

171 478 338 541 Admoneat
357 482 444 541 etia·
463 479 645 544 domesticos
657 491 689 543 et
701 482 852 544 ministros
866 482 973 544 indrni
987 492 1038 562 ut,
1058 487 1083 545 si
1097 487 1217 551 morbae
1230 490 1384 568 ingraves·

66 588 133 657 cat,
148 580 197 640 vel
211 579 346 642 lnhrmus
361 583 484 662 incipiat
496 584 674 660 agonizare,
689 585 787 645 stetim
800 585 896 662 ipsum
915 585 1078 649 Perochum
1092 601 1265 668 accersant,
1279 603 1310 654 nt
1321 610 1382 655 nro·
1397 616 1400 623 ¹

67 683 195 743 rientem
215 683 335 745 adiuvet
350 685 473 764 eiusque
486 686 609 747 animam
623 684 688 747 Deo
707 685 908 750 commendet:
928 687 983 749 sed
996 689 1022 749 ai
1036 707 1115 751 ruore
1130 691 1277 755 immineat
1290 695 1382 773 prius-

66 801 154 864 quam
168 783 312 864 discedet,
328 787 451 848 animam
466 788 523 849 rite
537 787 763 851 commendabit.
772 775 802 874 ¹)

67 1072 113 1148 u.
145 1077 305 1153 nouus
338 1079 535 1153 rounam
564 1081 834 1157 montaneas
862 1084 921 1156 m
950 1087 1076 1159 uano
1104 1085 1384 1161 condenna-

517 1183 672 1259 murus
696 1183 936 1286 auinaue)

439 1316 508 1389 Ex
543 1319 743 1393 Rituali
779 1323 1007 1395 Romano.

177 1489 214 1500 -
235 1488 280 1499 -
302 1460 333 1520 Si
353 1461 515 1541 periculum
536 1465 702 1543 immineat,
723 1467 821 1527 statim
841 1466 1105 1528 commendationis
1123 1468 1237 1531 animae
1252 1467 1382 1530 cilicium

67 1560 247 1639 praestabit,
270 1560 307 1620 de
329 1580 386 1643 que
407 1563 494 1625 inira.
535 1564 595 1627 Sed
616 1568 641 1627 ai
662 1577 777 1647 tempus
796 1577 950 1647 suppetat,
968 1568 1122 1647 aequantia
1147 1571 1265 1649 pietatis
1284 1570 1382 1631 cilicia

66 1670 222 1738 praestare
237 1662 364 1741 poterit,
379 1664 405 1723 si
419 1666 459 1724 ita
476 1666 618 1747 expedire
633 1667 814 1729 indicaverit:
830 1686 887 1747 pro
902 1666 1073 1728 conditione
1088 1686 1246 1749 personae.

170 1763 214 1822 he
234 1764 347 1841 primo,
367 1766 392 1824 si
409 1776 552 1845 aegrotus
562 1767 775 1846 indulgentiam
788 1770 921 1847 legitima
935 1771 1111 1830 auctoritate
1125 1787 1296 1832 concessam
1312 1788 1381 1832 con·

65 1863 151 1943 sequi
166 1864 272 1942 possit,
287 1883 350 1926 eam
363 1866 407 1927 illi
422 1866 544 1931 reducet
558 1868 595 1933 ud
609 1881 749 1948 mentem,
765 1880 971 1954 proponatque
986 1870 1054 1951 quid
1070 1870 1106 1932 ad
1120 1889 1184 1931 eam
1198 1890 1382 1951 consequen·

64 1961 131 2023 dnm
151 1966 200 2042 agi
221 1965 344 2035 debeat;
372 1973 545 2048 praesertim
560 1981 592 2033 ut
605 1975 734 2034 contrito
749 1973 841 2035 corde
855 1974 1070 2035 sanctissimum
1084 1990 1192 2034 nomen
1206 1973 1274 2035 lesu
1287 1974 1381 2063 semel

63 2064 113 2125 vel
128 2066 247 2145 saepius
262 2068 393 2130 invocet.

168 2167 284 2229 Deinde
304 2169 439 2231 hortetur
459 2170 606 2233 lufirmum
620 2181 651 2235 et
669 2176 798 2255 excitet,
817 2184 850 2235 ut
864 2173 931 2235 dum
946 2185 1046 2237 mente
1059 2177 1159 2255 viget,
1181 2176 1280 2239 eliciat
1298 2185 1380 2238 actus

64 2266 151 2347 ddel,
170 2270 236 2349 spei
251 2279 281 2331 et
296 2274 425 2333 caritatis
442 2272 622 2355 aliarumque
635 2277 796 2353 virtutum,
812 2295 932 2356 nempe:

167 2370 205 2432 Ut
228 2372 350 2433 firmiter
370 2373 471 2435 credat
492 2394 594 2437 omnes
615 2377 755 2439 articulos
776 2379 843 2440 idei
859 2387 889 2438 et
904 2376 1045 2457 quidquid
1061 2379 1091 2438 S.
1106 2378 1235 2439 Romana
1251 2376 1379 2438 ecclesia

64 2469 217 2534 catholice
231 2483 262 2535 et
277 2475 448 2554 Apostolica
463 2477 558 2538 credit
572 2486 602 2538 et
616 2479 714 2540 docet.

167 2574 206 2636 Ut
223 2586 341 2657 speret,
366 2577 512 2640 Christum
526 2580 681 2641 Dominum
704 2589 836 2643 nostrum
856 2597 911 2660 pro
926 2595 977 2638 sua
993 2579 1132 2639 immense
1152 2577 1308 2639 elementia
1322 2577 1378 2638 sibi

61 2673 131 2737 iore
144 2679 304 2757 propitium
319 2688 348 2740 et
362 2682 468 2743 merito
487 2683 550 2743 eius
563 2681 921 2744 sanctissimael’assionis
937 2688 967 2740 et
981 2697 1035 2761 per
1050 2681 1296 2741 intercessionem
1310 2680 1378 2741 bea·

60 2785 111 2838 tae
124 2776 234 2840 hieriae
249 2789 279 2841 et
293 2784 420 2843 omnium
437 2783 611 2845 Sanctorum
625 2803 660 2846 se
672 2786 760 2846 uitam
774 2793 923 2846 aeternam
938 2789 1173 2843 consecuturum.

61 3039 175 3098 (iubet
194 3042 255 3099 des
276 3042 451 3099 liranhen.
498 3044 520 3100 0
537 3046 601 3101 Gott
616 3044 664 3100 des
678 3045 805 3100 Troateai
820 3045 877 3100 lars
892 3044 940 3100 dea
952 3044 1038 3101 Gebet
1051 3043 1101 3100 des
1113 3040 1247 3098 tricarem
1258 3042 1312 3099 und
1327 3041 1378 3103 das

60 3124 183 3197 meinige
197 3127 272 3183 nieht
284 3126 442 3197 uergcbiicb
457 3144 535 3197 seyn.
565 3130 640 3197 haas,
650 3129 696 3184 ich
706 3128 776 3185 hehe
791 3128 854 3184 dieb
865 3144 909 3197 en,
921 3128 998 3184 dieso
1010 3128 1114 3199 heilige
1127 3126 1248 3198 Salbong
1258 3127 1302 3183 eiu
1314 3127 1376 3183 Zei-

60 3209 134 3267 ehen
147 3226 182 3267 su
195 3212 299 3268 meiner
313 3212 466 3283 deueroug,
478 3212 548 3269 oder
559 3228 639 3270 were
654 3212 727 3271 dieas
738 3211 800 3269 dein
812 3212 897 3268 Wilie
907 3213 982 3269 nieht
992 3213 1038 3282 ist,
1051 3211 1219 3268 einzeicben
1230 3228 1263 3269 nu
1274 3213 1375 3267 meiner

59 3292 200 3367 Seliglteit
210 3311 287 3366 seyn.
316 3298 381 3352 hasa
396 3296 476 3366 mich,
490 3297 540 3352 der
551 3296 596 3352 ich
610 3297 675 3352 ietnt
690 3296 737 3353 mit
751 3296 812 3352 dem
825 3296 944 3367 heiligen
960 3296 1027 3353 Oche
1042 3295 1150 3367 geealbt
1165 3295 1218 3351 und
1233 3296 1375 3367 gereiuigt

59 3377 123 3447 bin,
142 3380 210 3436 auch
230 3379 301 3436 einet
321 3385 400 3436 unler
419 3380 462 3436 die
478 3381 542 3436 zahl
564 3380 659 3437 deiner
673 3381 881 3438 huserwiiblten
900 3382 1036 3437 hommem
1059 3381 1154 3439 Arnen.
1183 3390 1213 3434 ut
1230 3402 1283 3433 nox
1301 3392 1375 3434 enea

59 3475 154 3528 ιιιωιιι
171 3486 229 3526 een,
250 3475 323 3518 creet:
341 3466 397 3520 ber
410 3465 494 3522 Veter
504 3464 528 3544 †
539 3464 590 3521 der
604 3465 837 3535 Barmhertigheit
852 3466 905 3522 und
917 3466 980 3522 Gott
994 3466 1062 3521 alles
1074 3464 1186 3522 Trostee
1201 3466 1306 3520 erbaite
1321 3464 1374 3520 und

58 3548 156 3605 stiriae
169 3546 243 3607 Euch
263 3549 290 3604 in
311 3549 403 3605 dieser
417 3549 537 3622 heiligen
552 3548 807 3622 Bereitwilligkeit,
830 3548 875 3606 die
889 3549 926 3605 Er
943 3550 1028 3606 selbst
1041 3548 1116 3606 Eueh
1132 3549 1305 3620 eingegcben
1319 3548 1373 3604 hat

58 3627 104 3711 lh.
122 3632 227 3704 Amen,
242 3633 292 3690 das
308 3634 392 3691 wolic
407 3634 480 3690 Gott.

126 3715 156 3793 l)
170 3718 274 3777 lierber
289 3719 411 3776 historie
428 3717 478 3775 der
488 3718 801 3775 ilirchen·ceremonien
816 3737 842 3793 p.
857 3719 921 3775 att:
934 3719 1021 3775 —Ee
1034 3718 1104 3776 wird
1119 3718 1178 3774 dem
1190 3714 1316 3772 ilrenhen
1330 3714 1373 3773 eiu

60 3798 181 3859 crneiux
195 3804 394 3876 vorgehalten,
412 3803 532 3860 welches
548 3803 618 3860 noch
633 3804 687 3860 last
701 3803 749 3861 das
764 3805 844 3861 Reate
855 3803 907 3875 ist,
923 3822 1003 3861 wenn
1018 3804 1058 3859 sie
1076 3818 1126 3857 eur
1137 3801 1189 3857 den
1203 3798 1373 3856 Sierbeuden

61 3886 131 3944 auch
142 3888 222 3945 recht
232 3888 455 3958 unterrichicten‚
467 3886 531 3944 dass
547 3904 578 3943 er
593 3887 668 3943 nicht
679 3888 726 3944 uui
735 3888 784 3945 dua
796 3889 854 3945 tim
865 3890 948 3945 seben
962 3888 1041 3957 selle,
1054 3886 1173 3944 aoudern
1185 3882 1316 3939 vielmchr
1328 3884 1377 3941 ani

61 3970 126 4043 den,
136 3971 190 4029 den
205 3990 236 4030 es
250 3973 393 4043 vorstede,
407 3974 542 4029 Christum
554 3971 605 4027 den
617 3972 828 4044 Gekreuzigien.
854 3974 984 4031 hutberns
996 3970 1124 4027 schreibt.
1141 3971 1169 4029 T.
1183 3969 1215 4021 V.
1228 3968 1339 4038 ditem,
1353 3970 1371 4025 i.
1461 4020 1467 4027 .

60 4054 115 4113 lid
128 4057 188 4129 „Et
197 4058 235 4115 ist
245 4058 307 4114 eine
317 4065 384 4129 gnte
398 4057 495 4114 Weise
506 4073 647 4128 gewesen‚
660 4057 724 4114 dass
735 4074 795 4113 man
807 4058 853 4114 hat
867 4058 919 4114 den
933 4055 1103 4115 Sterbenden
1119 4054 1163 4109 ein
1176 4054 1291 4110 hiilnern
1306 4053 1374 4111 Gru-

61 4141 127 4197 cihx
141 4142 324 4212 iurgebalten,
340 4143 409 4199 oder
419 4145 446 4198 in
461 4143 506 4199 die
518 4141 595 4198 Hand
609 4143 748 4212 gegeben,
763 4142 848 4197 daran
861 4142 902 4198 sio
913 4141 971 4199 sich
987 4142 1036 4199 des
1048 4139 1136 4194 Herru
1148 4137 1248 4196 Christi
1259 4138 1375 4195 beidens

61 4224 115 4282 und
130 4228 262 4285 stertens
275 4229 395 4284 erinnert
411 4228 466 4282 und
482 4233 619 4298 getrhstet
632 4227 752 4287 hahen.“
1332 4296 1335 4303 Ι

121 4318 151 4382 2)
165 4312 229 4369 Vox
241 4312 320 4369 corn
329 4330 375 4369 me
384 4312 513 4370 edendi
525 4313 577 4368 iam
591 4311 662 4384 apud
674 4312 799 4384 antiquos
811 4308 922 4382 proprie
935 4317 977 4365 est
986 4309 1013 4364 in
1026 4307 1153 4362 memoria
1165 4302 1374 4364 Deinnctorum.

62 4394 169 4454 coreb.
181 4397 292 4454 hiileuit.
310 4398 343 4454 ll.
363 4415 387 4454 c.
400 4402 451 4467 12,
471 4397 575 4455 concil.
593 4397 722 4469 carthag.
736 4397 782 4453 tii.
795 4412 819 4452 c.
831 4395 865 4453 29
881 4393 968 4467 „iiam
987 4392 1011 4449 si
1025 4392 1175 4464 aliquorum
1186 4392 1376 4464 pomeridiano

62 4486 188 4555 tempore
202 4478 408 4553 deiunctomm,
427 4482 486 4538 eive
502 4482 720 4556 Episcoporum,
738 4498 788 4539 een
802 4480 963 4537 clericorum
978 4495 1026 4537 seu
1041 4484 1196 4537 ceterorum
1207 4492 1376 4535 cemmen-

61 4565 164 4630 datio
180 4565 308 4624 iaeimda
323 4570 381 4636 est,
395 4566 649 4624 educationibus
663 4567 727 4637 hat,
741 4567 766 4623 si
779 4565 820 4624 illi
835 4565 881 4637 qai
894 4565 995 4623 iaciunt
1004 4565 1056 4623 ianr
1067 4563 1161 4636 prensi
1174 4560 1377 4625 inramanur.“

1104 4651 1171 4716 23*
