3046 4942
725 331 799 426 soa

104 518 220 592 indicii
254 518 310 588 die
336 514 381 584 de
405 513 575 608 sepulcris
599 516 738 607 propria
764 532 913 607 corpora
939 514 1106 605 recipiant
1131 521 1166 582 et
1192 513 1246 583 sic
1272 513 1419 580 venienti

105 622 253 692 Domino
271 616 315 687 ad
333 614 547 685 iudicandum
566 614 704 686 obviam
719 637 796 685 cunr
813 614 925 685 fructu
941 613 1055 684 bonae
1073 614 1289 707 operationis
1304 634 1419 683 occur-

105 729 189 795 rant.
228 718 296 789 Per
313 714 505 787 Dominum.
547 721 589 806 it.
610 715 733 786 Amen,

208 829 260 889 llis
280 827 411 908 peractis
424 826 563 888 Pontllex
584 827 758 887 solenniter
779 823 930 885 benedicit
951 824 1064 904 populo
1084 822 1202 884 dicens:
1224 814 1277 886 Sit
1298 835 1413 885 nomeu

105 914 243 994 Domini
257 930 320 991 etc.
345 927 463 989 Deinde
477 930 564 988 intrat
579 927 734 988 ecclesiam
749 936 779 988 et
792 928 816 986 si
836 926 911 985 velit
921 926 1090 1005 paratseud
1100 924 1231 1000 blissanr,
1245 928 1270 984 si
1280 943 1410 985 veronen

105 1032 259 1094 celebrare
280 1029 427 1105 voluerit,
445 1027 516 1089 fucit
529 1047 583 1108 per
598 1028 725 1107 aliquem
741 1027 930 1089 Sacerdotem
946 1028 1120 1087 solemniter
1134 1027 1292 1087 celebrari.
1333 1026 1407 1086 llius

105 1134 212 1195 dicitur
226 1132 263 1192 de
281 1131 342 1208 dic,
357 1140 386 1190 et
401 1148 466 1190 cunr
482 1133 616 1192 oratione
631 1130 702 1207 diei,
717 1129 823 1189 dicitur
838 1129 893 1189 sub
906 1145 965 1189 uno
984 1119 1052 1190 Per
1065 1119 1164 1188 Dom.
1182 1128 1259 1188 baec
1273 1129 1377 1187 cretio:

207 1225 304 1295 Deus
324 1225 422 1293 cuins
443 1224 662 1293 miseratione
682 1224 814 1291 animae
832 1219 981 1292 fidelium
996 1221 1230 1313 requiescunt,
1247 1219 1325 1290 huic
1339 1240 1404 1288 coc

106 1329 250 1398 neoterio
264 1344 471 1417 quaesumus
480 1322 639 1410 Domine,
650 1322 825 1413 Angelum
836 1332 929 1393 tuum
942 1332 1094 1394 sanctum
1105 1321 1232 1415 deputa
1244 1321 1404 1391 custodem

106 1437 141 1499 et
155 1446 300 1521 qnorum
315 1446 527 1518 quormque
543 1444 690 1518 corpora
705 1424 760 1493 bic
773 1424 999 1518 sepeliuntur⁷
1012 1425 1139 1494 ammas
1154 1443 1278 1493 eorum
1292 1421 1333 1491 ab
1348 1443 1404 1490 on-

72 1546 79 1554 ’
104 1527 204 1599 nibus
227 1525 373 1599 absolve
392 1526 542 1597 vinculis
563 1525 784 1611 delictorum,
803 1536 839 1595 ut
860 1526 893 1595 in
913 1535 948 1595 te
961 1546 1099 1619 semper
1112 1545 1189 1605 cunr
1204 1523 1339 1594 Sanctis
1352 1524 1403 1592 tuis

1 1643 6 1660 '
106 1627 260 1701 sinelim
276 1626 453 1697 lactentur.
484 1626 552 1697 Per
566 1626 665 1697 Dom.
693 1631 736 1716 lb.
755 1624 878 1696 Amen.

209 1736 281 1798 Gom
294 1738 418 1798 Secreta
432 1737 498 1797 Diei
512 1736 618 1798 dicitur
631 1737 685 1797 sub
700 1754 758 1797 nno
773 1727 840 1798 Per
854 1726 952 1797 Dom.
968 1752 1096 1813 sequens
1111 1735 1251 1794 Secreta:

207 1828 351 1900 Munera
359 1828 507 1900 Domine
521 1828 634 1899 oblata
649 1827 821 1901 sanctifica
835 1838 869 1898 et
883 1830 940 1921 qui
952 1836 987 1897 te
999 1830 1109 1920 ipsum
1123 1828 1156 1894 in
1167 1826 1331 1919 sepulcro
1340 1826 1404 1917 poni

104 1930 246 2004 voluisti
264 1941 299 2002 et
318 1930 514 2024 exemplum
535 1930 740 2021 resurgendi
758 1929 915 2001 fidelibus
935 1931 1000 2000 tuis
1016 1929 1134 2018 largiri
1151 1926 1313 2018 dignatus
1326 1924 1404 1996 esda

106 2052 313 2126 quaesumus
332 2029 483 2101 fidelium
505 2043 640 2101 tuorum
663 2031 839 2103 animabus
861 2031 916 2100 bic
934 2032 968 2099 in
987 2032 1021 2099 in
1041 2039 1074 2098 tc
1090 2028 1345 2120 quiescentibus
1358 2048 1404 2094 ue-

105 2136 195 2203 niam
214 2139 455 2226 peccatorum,
480 2142 517 2201 ut
536 2131 622 2200 baec
642 2132 802 2203 salutaris
823 2132 934 2203 hostia
958 2134 1001 2203 sit
1019 2128 1210 2201 remedium
1235 2140 1271 2200 et
1284 2131 1405 2222 requies

106 2237 292 2305 anirnarnm
308 2253 427 2302 eornm
441 2240 682 2325 etcorporum
713 2229 780 2316 our
793 2235 892 2304 vivis.
921 2237 964 2322 li.
978 2232 1101 2303 Amen.

210 2339 281 2404 Cum
303 2330 584 2405 Postcommuuicns
610 2342 667 2402 diei
688 2342 797 2404 dicitur
818 2344 872 2403 sub
895 2361 953 2404 unc
973 2334 1041 2406 Per
1064 2332 1163 2402 Dom.
1187 2357 1318 2420 sequens
1336 2338 1404 2398 l‘urt·

66 2454 78 2470 ““
107 2445 282 2509 communio.

205 2531 405 2608 Muneribus
423 2538 532 2610 sacris
552 2537 680 2623 salian,
708 2557 914 2630 quaesumus
935 2535 1081 2606 Domine
1099 2534 1197 2606 Deus
1219 2542 1355 2617 noster,
1379 2539 1406 2599 ut

104 2637 203 2735 plebs
216 2648 273 2710 tua
288 2659 376 2731 quae
389 2640 424 2707 iu
437 2637 552 2708 futuro
568 2647 712 2708 amorte
726 2636 930 2731 corporibus
944 2646 1181 2710 resurrectura
1197 2636 1362 2719 creditur,
1379 2642 1405 2700 te

96 2743 288 2815 ‘miserante
309 2761 329 2808 a
350 2747 462 2808 morto
481 2742 615 2810 animae
636 2760 824 2830 resurgere
842 2748 1025 2808 mereatur.
1061 2738 1128 2809 Per
1153 2735 1346 2807 Dominum.
1371 2737 1404 2821 lt.

103 2840 227 2911 Amen.
237 2835 269 2934 1)

97 2964 306 2978 ————-

166 3006 196 3084 1)
210 3009 238 3064 ln
256 3008 389 3064 nonnullis
402 3007 526 3078 Agendis
537 3007 695 3065 Germaniae
707 3008 774 3064 nilus
790 3006 981 3063 benadiltionia
995 3015 1118 3080 exparte
1133 3007 1282 3062 vernaculo
1295 3020 1404 3061 sermone

105 3094 255 3166 peragitur.
263 3094 362 3149 Damna
370 3091 517 3148 Collectum
526 3092 636 3150 Ritualis
644 3089 1023 3168 Friburgsnsisfflrisgorius)
1031 3111 1037 3146 :
1045 3087 1405 3162 „SegneuGottdiesendrt

104 3177 160 3234 den
178 3176 332 3237 windurcb
350 3176 395 3233 dis
406 3177 588 3247 Aulricbtnng
606 3177 697 3233 dieses
709 3178 830 3232 llreuucs
845 3176 1006 3232 einweilren.
1027 3176 1077 3231 Ein
1089 3176 1207 3232 Zeicben
1218 3175 1260 3231 aei
1272 3192 1303 3230 cs
1315 3191 1360 3229 uns
1368 3188 1405 3225 ιιι-

104 3261 198 3331 glaicb
209 3262 436 3331 derllrinrrornug
447 3261 814 3332 nnscrsrstralndrdiglmit
825 3261 867 3316 ldr
878 3261 1110 3329 unsersStinden3
1122 3261 1191 3316 sbcr
1200 3260 1271 3315 auch
1279 3256 1405 3314 cinitoni·

104 3346 157 3403 mul
175 3345 225 3401 des
236 3346 367 3415 Trostes,
387 3345 450 3402 dass
462 3347 535 3402 lesus
548 3345 670 3402 Christus
687 3345 772 3402 durch
783 3345 877 3401 scinen
890 3344 948 3400 Tod
968 3362 1010 3401 am
1023 3345 1128 3401 llrcuue
1146 3361 1248 3399 ansere
1261 3344 1406 3399 verdienteu

104 3428 213 3487 Stralen
226 3430 273 3484 aul
282 3429 340 3484 sich
352 3445 513 3498 genommen
526 3429 579 3485 und
592 3448 641 3486 uns
654 3430 764 3499 mitDir,
776 3446 793 3485 o
804 3429 933 3486 Vateriur
941 3429 1178 3499 llimmel,wiader
1187 3425 1406 3498 ousgesdbnthtt.

103 3514 202 3571 Ilissos
212 3510 300 3568 llreuz
313 3512 423 3569 erinnre
433 3529 498 3583 uns,
509 3513 573 3570 dass
585 3513 629 3569 die
640 3516 726 3570 bebre
738 3514 787 3571 dea
796 3512 998 3584 Gekreuuipten
1010 3514 1071 3569 eine
1083 3513 1217 3583 gottliclrc
1229 3512 1310 3567 llrait
1320 3511 1357 3566 sei
1369 3524 1407 3563 ιιι

104 3596 273 3668 boselinung
285 3596 328 3652 lltr
338 3596 419 3665 Atto,
431 3596 476 3652 die
485 3600 539 3653 ihm
550 3599 714 3669 nacblolgeu
728 3598 780 3654 und
792 3598 882 3668 willig
894 3597 943 3653 dus
954 3598 1043 3653 llrcuz
1055 3598 1103 3652 oui
1110 3598 1169 3652 siclr
1181 3597 1299 3652 nabrnen
1309 3615 1316 3663 ς
1327 3612 1354 3649 cs
1364 3594 1405 3647 be·

103 3682 181 3739 lebrs
191 3698 252 3750 nno,
265 3681 329 3738 dass
341 3680 392 3736 dus
402 3679 473 3736 drab
489 3683 562 3738 nicht
573 3684 622 3739 das
636 3680 712 3738 Eudo
724 3698 838 3739 anseres
848 3683 954 3739 lebeus
968 3683 1019 3751 rei,
1031 3683 1096 3738 weil
1108 3681 1266 3750 dedanim,
1278 3681 1324 3736 der
1334 3678 1405 3733 orsu

103 3766 367 3835 testorbcnmagts:
381 3765 462 3821 Wcr
473 3782 511 3822 an
523 3766 610 3823 micb
622 3768 758 3837 gloubi,
771 3765 871 3835 wird,
886 3783 985 3822 wsnu
998 3766 1137 3823 eraucb
1148 3762 1407 3834 gestorbenist,

103 3847 266 3906 dennoclr
281 3849 391 3906 leben
416 3848 452 3906 Es
464 3851 628 3908 erloiclrtere
638 3868 688 3907 uns
700 3851 745 3907 dio
756 3850 855 3909 beiden
868 3851 960 3908 dieses
971 3849 1158 3907 Erdenlebsns
1169 3848 1225 3905 und
1241 3849 1356 3906 erbeitre
1365 3862 1410 3900 uns

104 3930 152 3986 mit
164 3931 359 4005 derllcd'nung
371 3932 447 3989 eines
458 3935 589 3991 besseren
598 3935 714 4006 lebeus,
725 3936 788 3991 weil
800 3934 953 4005 derianige,
966 3934 1015 3990 der
1027 3936 1070 3991 litr
1082 3952 1130 3991 uns
1144 3933 1193 3989 dos
1203 3933 1296 3990 cheu
1304 3933 1411 4004 oplerte,

103 4023 289 4086 uunnssagt:
308 4016 342 4072 ln
363 4018 769 4077 meioeaVntersllause
787 4019 865 4075 sind
884 4015 1411 4087 vieleWobnungen,lcbgeba

103 4094 162 4150 bin
180 4097 233 4153 sie
244 4096 289 4154 Eu
299 4100 340 4154 cb
358 4100 468 4156 uunub
477 4117 512 4156 er
521 4101 630 4158 citou.
652 4105 729 4173 lass,
742 4118 760 4159 o
771 4105 844 4173 Gott,
860 4103 955 4159 diesen
964 4103 1129 4159 trostuollen
1142 4101 1265 4157 Glsuben
1278 4100 1360 4155 durch
1371 4098 1412 4153 das

103 4178 225 4237 finubild
237 4181 329 4239 dieser
340 4182 399 4240 drsi
410 4185 586 4242 brenucnden
595 4187 701 4243 Karuen
713 4188 786 4242 nocb
797 4189 874 4243 nsbr
883 4187 1104 4244 belobtrrerden.
1126 4188 1180 4241 lior
1189 4184 1295 4242 Glaubo
1304 4201 1337 4240 an
1348 4182 1410 4243 dieb

104 4260 351 4336 drsieinigerliott,
363 4269 406 4325 sei
416 4285 466 4325 uns
475 4271 524 4326 aul
533 4270 594 4327 deur
602 4271 694 4342 Wega
706 4271 791 4327 durch
802 4272 848 4326 dic
857 4272 936 4328 Welt
945 4272 989 4329 sin
1001 4271 1181 4340 bellcslicbt,
1193 4270 1280 4327 demit
1291 4266 1410 4325 wirnicbt

103 4345 151 4399 tul
167 4344 213 4403 die
226 4349 350 4420 lrrnege
368 4352 419 4410 der
429 4354 520 4411 Sdnde
539 4355 593 4412 und
612 4356 662 4413 des
680 4358 789 4413 testera
800 4357 954 4426 gernum,
971 4356 1093 4415 sondern
1105 4354 1197 4412 sicher
1208 4371 1243 4410 zu
1255 4354 1351 4411 deiner
1363 4353 1408 4406 dn·

103 4426 242 4502 sebanung
253 4432 408 4507 gelangeu,
420 4436 504 4495 durcb
516 4438 602 4497 lesum
614 4438 766 4509 Christum,
778 4436 876 4496 dciueu
887 4438 960 4496 Sobn
970 4482 979 4514 ,
990 4455 1090 4497 unsern
1102 4438 1225 4498 llcrrn.“
