3046 4942
727 292 800 386 roo
832 274 838 286 '

86 468 89 473 ’
111 486 191 542 lichst
207 500 239 538 zu
254 477 411 538 bewahren.
435 477 522 534 Gebet
535 477 615 534 ibneu
626 494 660 534 au
671 478 828 547 scrutabar,
843 477 916 551 dass,
933 480 1013 532 steuu
1028 473 1082 530 ilun
1097 474 1183 531 durch
1196 462 1258 532 ih're
1268 476 1409 561 Sorglosig-

92 569 169 626 'lucit
191 568 234 624 ein
259 563 385 634 Unglticlr
404 562 597 619 ·widerlabrcn
621 562 719 632 sollte,
746 563 787 619 sie
813 562 899 619 selbst
927 577 980 641 por
1004 560 1069 615 Gott
1092 560 1168 637 einer
1192 575 1312 631 grossos
1338 561 1409 625 Suada

111 653 237 722 scliuldig
252 648 374 705 witrden.
965 712 973 724 .

194 734 308 791 Endlicb
325 732 408 788 sollet
426 728 471 786 lbr
492 730 611 801 nissen,
630 731 694 787 dass
707 732 752 787 lbr
767 730 794 786 in
810 728 871 786 eine
886 729 1031 800 geistlicbe
1044 728 1287 793 Verwandtsclmb
1304 734 1407 798 getretea

4 854 8 863 ·
72 795 75 800 ι
110 822 170 879 sciit
182 821 230 876 unit
243 820 346 875 diesem
358 816 462 884 Iliada,
484 832 584 884 wagan
596 816 716 895 welchcr
731 816 776 870 lbr
788 815 856 870 euch
871 814 966 870 weder
984 813 1031 869 mit
1043 814 1162 884 selben,
1180 813 1252 870 noclr
1269 813 1313 870 mit
1325 812 1407 869 sciren

110 907 197 962 Vater
212 903 281 962 oder
293 901 341 957 mit
351 901 444 956 seiner
456 901 554 955 liutter
569 900 760 956 verbeirathen
771 898 870 954 dilrlet.
926 934 932 946 ·

665 1077 871 1101 .-......'—--

115 1198 120 1206 ’
178 1251 224 1343 v,
263 1252 389 1361 onoo
421 1243 675 1325 surruuunr
705 1248 877 1325 ourssu
907 1192 1056 1339 suren
1083 1246 1354 1323 nuurrsuuu

541 1385 767 1489 EURituali
799 1385 997 1459 Rorriano.
1029 1384 1032 1388 ’
1406 1395 1408 1399 ’

163 1551 171 1566 ·
208 1535 285 1590 ‘cum
300 1509 426 1622 urgente
442 1533 546 1593 mortis
567 1533 702 1612 periculo
724 1533 774 1593 vel
796 1532 853 1593 alia
867 1540 997 1609 cogente
1011 1530 1192 1592 necessitate
1209 1531 1276 1596 sire
1289 1530 1404 1611 punctu

111 1635 176 1694 sive
194 1631 311 1694 adultus
328 1634 420 1693 sacris
434 1633 574 1713 precibus
588 1653 623 1695 ac
637 1635 823 1695 caerimoniis
840 1634 1057 1714 praetermissis
1074 1631 1165 1692 luerit
1176 1630 1351 1712 baptizatus,
1368 1631 1403 1691 ubi

111 1733 295 1817 convaluerit
322 1733 370 1794 vel
396 1737 562 1825 cessaverit
579 1736 744 1816 periculum
765 1744 796 1797 et
813 1735 849 1797 ad
870 1735 1028 1796 ecclesiam
1050 1716 1164 1795 delatus
1187 1733 1296 1812 luerit,
1318 1736 1404 1794 omisa

111 1837 208 1898 omnia
224 1834 432 1915 suppleaptur:
453 1838 591 1916 idemque
605 1838 679 1899 ordo
693 1856 729 1899 ac
743 1816 986 1913 ritusfservetur,
1007 1837 1056 1918 qui
1078 1837 1107 1918 in
1125 1834 1275 1915 baptismo
1289 1815 1403 1919 pabulo

66 1935 72 1945 '
97 1956 173 2002 ,rum
194 1924 241 2021 (si
262 1936 353 1998 luerit
374 1933 535 2018 parvulus)
555 1956 609 2000 sen
626 1938 791 2001 adultorum
814 1938 964 2016 (siluerit
987 1933 1120 2013 adultus)
1139 1940 1340 2019 praescriptas
1363 1943 1404 1998 est

110 2039 247 2118 Excepto
270 2038 349 2119 quod
371 2041 583 2120 interrogatio:
602 2058 640 2102 an
654 2042 728 2103 velit
741 2038 906 2121 baptizari?
927 2041 1082 2122 formaque
1100 2038 1243 2120 baptismi
1262 2050 1292 2101 et
1311 2039 1403 2100 ablatio

111 2142 384 2222 praetermittuntur
399 2151 431 2202 et
444 2142 587 2222 quaedam
603 2143 761 2205 Orationes
776 2151 807 2204 et
819 2140 987 2204 Exorcismi
1000 2160 1054 2204 suo
1070 2143 1180 2223 quique
1193 2143 1260 2205 loco
1271 2140 1404 2213 immutati,

110 2243 233 2304 utinfra
251 2243 394 2303 dicuntur.
714 2238 722 2253 '
777 2219 785 2234 ’
864 2224 873 2240 ’

213 2342 251 2404 Et
265 2344 382 2423 quiden
396 2346 425 2405 tn
441 2344 597 2407 oratore:
627 2335 849 2432 Omnipotens
875 2339 1084 2432 sempiterne
1108 2335 1204 2409 Deus
1224 2363 1252 2426 p.
1268 2340 1333 2404 lea
1347 2343 1402 2402 uio

109 2456 215 2507 tur-
237 2457 339 2530 quem
358 2436 484 2507 dudum
505 2437 548 2509 ad
561 2437 760 2510 ¹rudimenta
783 2438 862 2509 fidei
891 2460 1022 2510 vocare
1047 2436 1206 2529 dignatus
1232 2458 1279 2509 cs.
1296 2447 1400 2523 ,Porro

111 2549 210 2609 —ut
236 2537 381 2612 idoneus
404 2542 447 2612 sit
473 2539 671 2643 frui.gratia
694 2540 851 2636 baptismi
876 2543 943 2635 tui,
972 2561 1072 2633 quern
1092 2544 1254 2634 suscepit.

209 2649 241 2709 ln
258 2648 391 2709 cnlteota
412 2641 508 2713 Deus
522 2634 658 2712 Patruim
679 2651 875 2715 nostrorum
892 2646 1130 2730 p,184itaorat
1147 2634 1310 2712 Sacerulos:
1327 2679 1363 2689 -
1375 2644 1398 2704 at

107 2739 281 2911 guemad
307 2761 422 2817 novae
453 2744 726 2832 regenerationis
757 2743 933 2814 lavacrum
961 2743 1181 2839 perduxIsti,
1214 2746 1396 2836 buacaumtt

142 2861 264 2910 omme.

210 2951 346 3030 Denique
361 2952 389 3010 in
406 2945 564 3012 0‘ratione:
585 2943 834 3016 ueterrimae
860 2948 1076 3020 iustissimam
1093 2951 1133 3035 'p.
1155 2951 1219 3014 lea
1239 2947 1394 3016 attendasal
1434 2994 1439 3013 .

106 3051 258 3113 verbn·—
276 3053 320 3154 ut·
336 3041 458 3146 dignus
485 3047 528 3116 sit
549 3044 616 3116 lrui
637 3048 752 3137 gratia
769 3036 927 3143 baptismi
951 3051 1017 3137 tui,
1030 3052 1144 3141 'quem
1168 3039 1343 3151 suscepit'
1396 3053 1399 3062 '
1430 3020 1439 3177 b

654 3256 859 3269 ““““-
1434 3240 1440 3319 l

175 3391 241 3468 vl.
288 3396 350 3469 DE
383 3397 726 3472 BENEDICTIONE
756 3401 974 3476 MULIERIS
1004 3338 1132 3478 POST
1150 3398 1347 3477 PARTUbl.
1435 3324 1440 3349 ¹

152 3534 155 3539 “
526 3518 590 3591 Ex
618 3519 782 3593 Ritnali
808 3521 1007 3594 Romano.

208 3642 239 3704 st
262 3641 318 3723 oua
337 3662 484 3727 puerpera
504 3658 574 3728 post
591 3659 705 3732 partum
726 3651 807 3713 iuxta
826 3651 902 3731 piam
925 3670 960 3712 ac
981 3623 1156 3713 laudabilem
1177 3649 1399 3715 consuetudinem
1439 3694 1441 3743 p

105 3746 141 3807 aul
157 3744 313 3808 ecclesiam
329 3749 432 3808 venire
447 3749 575 3811 voluerit
589 3770 643 3829 pro
658 3737 859 3814 incolumitate
872 3752 998 3815 suaDeo
1014 3740 1400 3834 gratiasactura²l‚patierit·

110 3878 317 3897 t——q-—u

167 3952 195 4030 l)
216 3957 274 4013 Non
291 3973 350 4013 sum
371 3957 575 4029 nominatam,
601 3969 629 4018 ut
653 3963 722 4020 haec
746 3965 834 4021 nostri
855 3965 969 4021 instituti
990 3965 1061 4021 ratio
1082 3964 1232 4021 alliciendi
1248 3962 1358 4036 singulis
1375 3957 1402 4011 ue

106 4035 286 4131 cannuensis
316 4040 449 4113 capitibus
475 4044 654 4103 caerimonias
678 4048 750 4105 haud
777 4050 1003 4120 sacramentales,
1025 4050 1053 4104 iu
1075 4050 1165 4106 varias
1190 4047 1404 4122 reprehensiones

104 4131 233 4180 incurrat.
261 4125 377 4183 At'vero
388 4143 447 4181 cum
459 4126 601 4186 thesauros
615 4147 669 4188 non
684 4133 720 4189 sit
731 4133 855 4205 publicae
870 4140 899 4191 et
912 4134 1118 4191 ecclesiasticae
1130 4134 1314 4205 auctoritatis,
1328 4127 1406 4188 licebit

104 4213 167 4261 ante
178 4208 267 4266 omnia
279 4227 422 4281 quaerere,
437 4211 497 4284 quis
508 4214 734 4273 caerimoniorum
749 4217 819 4274 ordo
831 4218 982 4275 lectoribus
997 4217 1155 4274 commodus
1166 4219 1204 4274 sit
1219 4226 1304 4292 atque
1317 4229 1408 4291 oppor-

105 4296 192 4348 tunus.
234 4292 382 4367 Unicuique
402 4297 578 4356 sacramento
600 4302 698 4358 adiecti
716 4310 777 4359 sunt
798 4302 882 4372 ritus,
900 4304 945 4375 qui
968 4303 1089 4375 quamvis
1107 4304 1302 4367 sammentali
1322 4303 1409 4359 virtute

106 4382 225 4445 careant,
236 4383 395 4435 tamencum
409 4381 458 4438 illo
473 4383 587 4440 vinculis
599 4385 810 4460 propinquitatis
822 4392 849 4441 et
860 4388 999 4444 affinitatis
1017 4387 1154 4443 coniuncti
1166 4397 1238 4445 suut.

173 4459 204 4532 b)
217 4448 389 4517 codex'saec.
398 4464 468 4521 XlV.
478 4469 549 4540 apud
558 4469 740 4528 Rinterimium
749 4472 828 4541 Vm.
836 4487 863 4544 p.
872 4473 970 4544 213sq.
979 4473 1143 4529 mentionem
1151 4474 1218 4531 iacit
1231 4475 1333 4547 prolis,
1344 4476 1412 4544 qiam

104 4540 225 4597 manibus
240 4550 352 4612 gestare
371 4547 449 4602 matri
464 4551 603 4623 praecipit.
1086 4546 1088 4551 ⁴
