3060 4934
790 337 865 409 412

279 532 395 597 Deinde
408 531 549 596 Pontitcx
570 540 602 596 et
624 530 795 594 successive
814 530 968 594 duodecim
981 527 1159 593 Sacerdotes
1174 531 1354 589 reverenter
1365 522 1488 586 selum

70 614 73 627 ¹
180 634 277 700 oleum
290 639 384 718 ipsum
399 636 533 699 dicentes
547 637 636 698 tertio
650 637 682 696 in
696 643 770 697 tono
783 634 935 696 lectionis:
949 644 1016 696 ave
1029 632 1183 698 eandum
1197 618 1325 693 oleum.
1358 624 1399 688 lit
1410 631 1488 707 post·

179 754 263 818 quam
276 742 365 802 tertio
381 739 411 801 id
425 739 553 801 iecerint
565 738 735 800 osculantur
748 755 783 797 os
797 737 890 818 ipsius
904 736 1065 819 ampullae,
1084 743 1174 816 prout
1189 748 1280 813 supra
1292 731 1419 813 postem
1434 735 1488 793 est

178 838 230 906 llis
239 841 373 926 'peractis
387 842 490 904 ambae
502 840 648 923 ampullae
661 857 717 922 per
729 838 803 900 duos
809 839 957 902 Diaconos
974 856 1011 899 eo
1025 837 1132 901 ordina
1144 845 1176 898 et
1186 834 1363 915 decoraque
1373 830 1488 892 delatae

178 956 248 1008 sunt
272 946 310 1009 ad
336 946 497 1007 sacristiam
527 940 790 1026 processionaliter
814 950 1011 1024 reportantur.
1054 938 1174 1003 loterin
1198 936 1266 999 duna
1290 943 1485 1017 “pometum

178 1046 247 1121 duo,
263 1048 408 1111 cantores
438 1055 555 1109 motam
583 1046 639 1107 tos
667 1061 788 1105 remus:
815 1033 861 1107 Ut
885 1045 1034 1108 novetur
1061 1055 1163 1108 secus
1189 1032 1302 1104 omnis
1330 1028 1486 1099 cacione

180 1140 397 1229 Obrismatis,
436 1149 473 1211 ut
510 1149 649 1215 sanetur
679 1139 828 1211 sauciata
866 1138 1035 1232 dignitatis
1074 1137 1208 1231 gloria·
1254 1140 1375 1204 chorus
1404 1137 1487 1220 repit·

102 1282 108 1290 ·
179 1263 243 1319 cet:
266 1243 495 1316 Orodemtor.
538 1250 611 1312 'l'asu
627 1247 786 1312 enotares:
805 1238 890 1313 Luta
913 1250 1026 1312 mente
1047 1259 1147 1312 sacro
1171 1237 1267 1310 iente
1286 1232 1486 1328 aufugantur

179 1349 332 1435 crimina,
351 1354 453 1417 uncta
472 1343 585 1417 fronte
605 1351 823 1418 sacrosancta
845 1341 985 1416 inlluant
1003 1343 1213 1416 charismata.
1237 1346 1376 1411 chorus:
1396 1334 1486 1408 Ore·

180 1448 322 1520 demtor.
369 1455 531 1520 Castores:
560 1445 612 1521 Sit
640 1446 727 1519 haec
752 1445 825 1521 dias
851 1445 941 1520 leste
966 1445 1065 1520 uobis
1087 1442 1308 1519 saeculoram
1330 1437 1482 1526 saeculis,

179 1552 223 1624 sit
241 1559 374 1624 sacrata
393 1546 495 1644 digna
513 1549 628 1639 laude,
644 1571 710 1621 nec
728 1559 888 1625 senescat
903 1559 1068 1647 tempore.
1106 1542 1288 1619 choms2'0
1306 1541 1479 1615 redemtor.

177 1660 270 1723 Vetus
284 1671 380 1725 autem
395 1661 526 1725 chrisma
539 1670 570 1722 et
583 1660 680 1725 oleum
695 1659 976 1725 Gatecbumenorum
989 1680 1024 1723 ac
1036 1659 1230 1736 ladrmurum,
1244 1656 1271 1718 si
1287 1652 1369 1739 quod
1383 1670 1479 1716 reum·

177 1773 257 1827 serat
270 1764 299 1825 in
317 1764 464 1847 ampullis,
483 1766 603 1847 ponitur
619 1763 799 1845 lampadibus
812 1764 965 1826 Ecclesiae
978 1773 1046 1826 aute
1061 1763 1281 1837 Sacramentum
1296 1767 1328 1819 ut
1342 1754 1478 1819 combura-

176 1874 239 1939 tur;
251 1866 395 1949 reliquum
408 1876 504 1929 autem
518 1866 598 1949 quod
613 1875 658 1929 est
672 1867 702 1928 iu
710 1866 867 1948 pyxidibus
875 1868 939 1930 siue
954 1864 1082 1948 capsulis
1090 1883 1155 1927 cum
1164 1861 1325 1940 bombyce,
1333 1861 1407 1940 igue
1414 1876 1477 1922 cour·
1517 1930 1522 1957 Ι

176 1966 301 2046 buritur,
320 1978 351 2031 et
368 1988 476 2032 novum
490 1969 597 2031 deiude
613 1988 677 2031 cum
692 1987 769 2031 nova
784 1969 928 2048 bombyce
942 1970 971 2030 iu
987 1967 1144 2051 pyxidibus
1157 1985 1210 2031 seu
1226 1966 1357 2048 capsulis
1369 1960 1477 2045 imponi·
1517 2006 1522 2045 ,

176 2079 239 2139 tur,
268 2070 388 2133 Interim
413 2071 479 2133 dum
494 2068 625 2133 chrisma
645 2081 675 2133 et
688 2071 785 2133 oleum
805 2070 1087 2134 Gatecbumeuorum
1100 2069 1136 2132 ad
1150 2070 1314 2133 sacristiam
1327 2074 1475 2151 portantur,
1516 2070 1521 2169 p

176 2170 317 2235 Pontifex
337 2172 445 2234 sedeas
465 2191 528 2233 cum
553 2173 635 2237 mitra
655 2171 733 2235 lauat
757 2191 874 2251 manus,
893 2172 1001 2237 deinde
1021 2173 1099 2237 redit
1119 2170 1154 2236 ad
1168 2172 1281 2251 altare,
1302 2168 1475 2252 prosequitur
1516 2180 1521 2279 Ι

176 2270 295 2335 llissam
310 2282 339 2337 et
354 2274 447 2342 dicto;
460 2264 511 2338 lte
524 2267 626 2337 missa
642 2275 706 2356 est,
724 2274 772 2339 det
787 2276 1023 2341 benedictionem
1035 2269 1473 2349 etdenuntianturiodulpentiac

176 2392 233 2457 per
247 2395 312 2437 eum
326 2394 498 2455 concessae,
513 2377 618 2458 quibus
633 2377 810 2469 denuntiatis
825 2381 922 2460 signat
930 2379 1070 2442 Pontifex
1082 2379 1176 2441 altare
1186 2366 1290 2441 diceas
1297 2368 1473 2452 Euangeliou

176 2480 270 2539 saucti
284 2479 401 2541 loannis
417 2489 447 2543 et
461 2480 576 2543 accedit
588 2481 625 2542 ad
637 2478 845 2563 faldistorium,
858 2484 907 2545 ubi
921 2481 1006 2544 sedet
1019 2501 1083 2545 cum
1097 2482 1181 2544 mitra
1196 2489 1227 2542 et
1239 2480 1324 2541 iubet
1334 2460 1472 2554 rrotpc'

176 2581 219 2643 ris
236 2589 359 2658 attente,
374 2591 406 2642 ut
420 2583 501 2645 iuxta
515 2601 657 2645 meorum
673 2583 858 2647 traditionem
869 2585 1000 2649 chrisma
1014 2594 1045 2647 et
1056 2583 1125 2646 olea
1140 2581 1268 2644 fideliter
1281 2561 1470 2667 custodiautfct

176 2680 249 2743 nulli
263 2681 316 2743 sub
330 2692 486 2762 praetexta
500 2684 663 2746 medicinae
679 2685 728 2746 rel
742 2687 876 2751 maleficii
890 2687 1007 2749 tradere
1020 2695 1218 2771 praesumant,
1232 2685 1365 2768 alioquin
1377 2684 1471 2747 bonore
1515 2714 1519 2781 2

176 2784 341 2865 priventur.

155 3138 157 3142 ,
243 3052 328 3133 VII.
351 3056 639 3136 PEDILAVIUM
665 3060 964 3165 (blAllllATllll)
990 3062 1040 3138 IN
1066 3062 1232 3140 COENA.
1250 3063 1422 3143 borum.
1518 3166 1523 3177 .

589 3199 654 3275 Ex
678 3199 853 3276 blissali
876 3201 1080 3276 Romano.

280 3339 354 3403 l’ost
376 3341 602 3408 denudationem
629 3345 763 3408 altarium
789 3347 863 3410 bora
889 3350 1069 3431 competenti
1086 3348 1166 3411 lucto
1186 3349 1277 3428 siguo
1295 3366 1364 3413 eum
1387 3346 1479 3422 tabule,

181 3442 359 3506 coarcatant
375 3442 484 3510 Clerici
509 3448 545 3509 ud
566 3449 731 3512 taciendam
756 3451 930 3516 mandatum.
976 3451 1128 3514 Praelatus
1150 3468 1204 3512 seu
1227 3454 1385 3534 superior,
1404 3463 1481 3533 supet
1526 3440 1529 3445 ’

114 3590 117 3597 -
180 3546 286 3608 sutem
301 3555 331 3606 et
343 3546 410 3609 alba
424 3549 553 3613 induitur
565 3553 641 3617 stola
657 3562 688 3615 et
700 3553 822 3635 pluuiali
836 3554 996 3633 violaceis,
1013 3563 1046 3616 et
1057 3555 1087 3615 in
1101 3554 1168 3619 luco
1180 3553 1217 3616 ad
1229 3553 1260 3616 id
1278 3555 1427 3639 deputata,
1438 3554 1482 3614 rai·

180 3650 326 3711 uictreate
343 3649 473 3713 lliacouo
499 3641 566 3740 (qul
583 3665 702 3738 paratus
716 3676 782 3719 cum
796 3657 984 3719 Sabdtacono
997 3666 1029 3718 ut
1041 3658 1070 3718 in
1085 3655 1191 3734 lltssa,
1214 3661 1393 3738 paramentis
1405 3656 1484 3731 albis,

178 3752 206 3812 el
221 3750 348 3827 assistit)
365 3754 490 3835 imponit
504 3758 655 3820 incensum
677 3760 706 3820 ia
720 3760 888 3837 thuribulo,
908 3758 1015 3821 deiude
1029 3758 1179 3821 ltiaeonus
1192 3758 1302 3824 librum
1318 3759 1484 3840 limugelio·

179 3872 242 3915 raro
255 3863 326 3917 ante
343 3866 447 3938 pectus
460 3868 577 3938 teneus,
593 3850 1068 3944 geoullexus'aute'Superlorem‚
1081 3864 1158 3943 petit
1170 3862 1424 3929 benedictionem:
1438 3876 1485 3945 qut

178 3966 318 4036 accepta,
341 3961 503 4023 astantibus
519 3963 633 4025 duobus
647 3962 802 4042 Acolythis
817 3985 880 4050 cum
896 3965 1078 4028 candelabris
1092 3967 1244 4044 accensis,
1260 3978 1292 4031 et
1309 3967 1485 4031 Sabdiruott

177 4056 284 4122 librum
298 4069 440 4139 tenente,
465 4067 565 4145 signat
577 4066 682 4128 librum
697 4077 728 4129 et
741 4069 873 4131 iucenmt
887 4077 917 4130 et
931 4077 1043 4145 mutat,
1058 4074 1089 4133 ut
1103 4069 1192 4129 moris
1206 4078 1271 4148 est,
1285 4069 1485 4150 Euangeliou:

179 4149 273 4225 Ante
300 4152 390 4226 diem
409 4154 534 4231 tostum
555 4158 731 4251 Paschae,
753 4181 785 4233 ut
803 4173 834 4233 iu
856 4168 953 4235 lltssa.
993 4171 1059 4249 Quo
1081 4169 1163 4233 linito
1178 4171 1485 4257 Subdiecouusporut

176 4260 285 4327 librum
298 4275 433 4346 apertum
447 4270 636 4335 osculandum
650 4273 854 4355 Superiori-ot
866 4274 1015 4336 Diaconos
1030 4291 1097 4334 eum
1114 4272 1153 4336 de
1164 4291 1247 4337 more
1261 4276 1409 4341 incenset.
1441 4274 1484 4339 eo

179 4441 304 4501 coituros
323 4453 358 4503 nt
376 4404 552 4509 emittere
574 4452 602 4509 d.
616 4450 643 4507 b.
659 4457 678 4507 t.
694 4468 718 4508 a.
735 4450 763 4511 Ιι.
779 4450 907 4508 oleum.
938 4412 969 4510 u.
983 4450 1015 4507 ll.
1031 4458 1068 4508 ut
1082 4452 1260 4511 uenturis.
1291 4455 1323 4513 u.
1339 4455 1373 4518 ll.
1387 4453 1483 4513 istiu

165 4528 492 4675 ‘prpuliptipplaesere
513 4534 709 4611 reliquiae.
739 4535 770 4593 G.
790 4534 1085 4609 &spiritalibus
1119 4536 1148 4594 G.
1174 4554 1274 4612 quem
1298 4570 1335 4585 -
1358 4551 1483 4617 perer
