3046 4942
498 894 1013 1047 ιιιιιιιιι.

103 1364 191 1479 Νοιι
217 1404 346 1494 indiget
371 1371 578 1495 argumentis
604 1425 662 1479 rea
684 1406 845 1480 comessa
867 1415 902 1477 et
922 1404 1118 1479 manifesta:
1144 1406 1240 1477 nullo
1262 1426 1408 1500 unquam

104 1515 259 1599 tempere
286 1505 456 1576 ecclesiae
480 1509 596 1579 navim
620 1516 689 1579 tam
715 1508 850 1581 turbata
871 1510 956 1579 mari
977 1517 1108 1602 raptm
1135 1528 1215 1580 esse
1237 1526 1337 1601 quam
1364 1527 1408 1579 eo

104 1606 197 1701 quad
222 1628 317 1679 nunc¹
338 1606 470 1679 labitur.
515 1607 672 1702 Undique
699 1613 793 1681 venti
819 1606 1015 1704 erumpunt,
1041 1607 1151 1679 nubes
1176 1608 1326 1703 undique
1351 1609 1409 1679 ad-

105 1709 229 1778 ductae
270 1706 420 1780 tenebris
452 1707 597 1779 obruunt
626 1710 735 1799 diem,
778 1714 874 1783 saevi
908 1712 1061 1780 oriuntur
1094 1708 1266 1797 turbines,
1295 1711 1409 1801 magni
1514 1758 1520 1767 .

104 1819 366 1880 commoventur
393 1807 534 1898 ductas,
566 1821 704 1885 atroces
731 1815 922 1885 excitantur
947 1818 1183 1906 tempestates,
1214 1809 1409 1903 inegeribns

103 1910 235 1983 crebris
263 1913 373 1982 omnia
395 1915 588 2007 qrmtluntur
608 1923 643 1987 et
668 1916 767 2009 ignes
789 1913 867 1986 hinc
891 1913 988 1987 illinc
1012 1915 1167 1985 emicant
1210 1912 1302 1985 Inter
1325 1911 1411 1984 haec

102 2011 243 2084 fulmina
266 2023 300 2084 et
317 2015 465 2087 tonitrua
487 2014 544 2085 alii
565 2015 649 2089 alias
670 2024 786 2111 partes
803 2018 1000 2110 suscipiunt.
1041 2013 1128 2087 Sunt
1149 2018 1205 2110 qui
1225 2014 1370 2090 buccis'
1360 2035 1410 2086 ιιι

104 2113 191 2187 datis
214 2124 394 2187 ventorum
421 2116 490 2187 vim
516 2137 660 2209 angere,
685 2116 840 2189 incendia
866 2120 896 2191 si
920 2117 1011 2190 iorte
1019 2139 1123 2221 quae
1149 2120 1409 2210 exstlnguantur

104 2217 215 2290 denua
244 2219 414 2307 excitare,
443 2220 554 2291 omnia
577 2217 715 2291 turbare
736 2243 778 2291 ac
803 2222 948 2293 miscere
973 2206 1150 2294 studeant·
1178 2219 1300 2314 quibus
1326 2217 1408 2291 nihil

104 2321 271 2414 antiquius
292 2329 364 2408 est
385 2317 470 2392 nihil
488 2323 598 2413 magis
621 2320 717 2394 cardi
736 2318 782 2416 (si
799 2324 855 2396 isti
874 2321 1028 2397 homines
1045 2345 1107 2395 ear
1125 2321 1254 2395 habere
1269 2319 1409 2416 putandi

103 2420 195 2518 sunt)
216 2440 316 2516 qnam
331 2431 369 2495 nt
386 2421 542 2494 diuturna
560 2421 826 2496 Christianorum
845 2422 1009 2495 dissidia
999 2426 1222 2521 mecmpesita
1239 2433 1409 2508 maneant

104 2525 228 2596 vulnus
255 2545 324 2596 non
351 2534 452 2596 coeat
469 2525 532 2600 sed
551 2526 710 2596 continua
729 2529 825 2598 sanie
846 2534 1028 2620 putrescat
1080 2523 1124 2595 lli
1146 2512 1319 2643 quomode
1338 2523 1408 2594 Ι)ο

105 2630 202 2699 mine
208 2626 380 2699 ecclesiae
394 2626 460 2698 de
451 2630 570 2701 muisis
583 2631 654 2700 suis
668 2629 815 2732 negotiis
831 2626 1051 2705 satisfaciant.
1067 2627 1229 2698 videant
1221 2627 1295 2721 ipsi.
1330 2623 1408 2717 lige

104 2750 190 2802 vern
213 2727 292 2800 dnm
315 2731 397 2801 viva
420 2730 658 2804 ardentissime
680 2732 783 2803 animi
800 2734 897 2802 veto
908 2750 1057 2803 exorare
1078 2727 1238 2824 precibus
1258 2746 1328 2799 non
1349 2726 1406 2799 de

102 2836 230 2917 sinam,
262 2831 353 2925 qued
381 2854 515 2905 mecum
541 2843 688 2905 exorant
712 2854 833 2907 omnes
856 2831 957 2905 boni:
990 2841 1027 2904 ιιι
1052 2840 1176 2927 pacato
1200 2829 1410 2926 reipublicae

102 2933 316 3006 Christianae
333 2943 420 3007 statu
440 2938 600 3028 gignatur
621 2935 774 3009 amabilis
794 2936 964 3007 ecclesiae
985 2932 1169 3005 concordia
1195 2931 1318 3028 datque
1340 2952 1409 3027 pax

103 3040 139 3108 in
161 3035 307 3108 turribus
327 3035 421 3110 Sion.
463 3035 584 3130 Neque
603 3040 639 3108 in
658 3038 819 3133 precihus
839 3058 879 3108 ac
899 3040 991 3110 vetis
1012 3038 1186 3131 acquievit
1212 3054 1283 3106 ιιοιι
1301 3033 1409 3107 semel

102 3137 232 3236 prodiit
255 3140 290 3210 in
316 3139 429 3211 lucem
452 3138 560 3226 liber,
587 3161 655 3232 qua
679 3143 826 3211 emnium
853 3138 1018 3211 oculosa
1043 3140 1190 3232 spinosis
1216 3160 1258 3208 ac
1280 3147 1410 3209 tortae

99 3244 149 3313 sis
177 3238 276 3313 huius
308 3243 429 3316 aetatis
461 3240 715 3335 quaestionibus
749 3245 782 3314 in
815 3249 985 3313 vetustam
1015 3241 1168 3333 priorum
1193 3238 1408 3314 saecularum

99 3343 287 3416 ecclesiam
309 3343 415 3416 veluti
442 3345 477 3414 in
500 3343 665 3416 libertatis
692 3367 734 3415 ac
758 3345 854 3439 pacis
879 3345 1062 3435 imaginem
1088 3352 1249 3415 avertere
1267 3351 1410 3413 conatus

100 3468 197 3516 sum·
241 3442 419 3540 Nunquam
448 3445 608 3521 desistam
629 3445 689 3518 illc
715 3467 870 3533 munere,
893 3444 984 3540 quod
1009 3455 1106 3518 recte
1127 3455 1272 3517 vocatur
1293 3446 1408 3514 em

99 3551 159 3618 αια
177 3551 242 3641 τῆς
262 3551 483 3642 καταλλαγῆς,
504 3570 616 3641 neque
638 3571 784 3643 unquam
804 3571 859 3620 me
881 3547 924 3620 da
945 3551 1122 3644 proposito
1144 3544 1279 3619 deflecti
1300 3545 1410 3639 patiar

102 3674 147 3723 eo
175 3651 266 3745 qued
293 3655 341 3724 nti
360 3657 496 3747 saepius
524 3653 569 3723 ita
595 3655 788 3747 nuperrima
814 3650 1026 3739 factumest
1053 3674 1107 3723 me
1130 3650 1219 3746 apud
1242 3648 1409 3718 fanaticas

101 3750 259 3826 homines
281 3758 338 3850 qui
362 3754 543 3828 immodice
564 3757 708 3875 partium
733 3755 844 3828 studio
871 3751 1027 3846 llagrant,
1049 3773 1206 3846 magnam
1228 3747 1309 3821 mihi
1328 3768 1409 3820 con-

102 3853 188 3928 llare
209 3857 389 3979 invidiam,
419 3876 559 3953 asperas
584 3860 699 3952 parari
719 3878 882 3931 censuras
909 3865 944 3928 et
965 3853 1070 3950 (quae
1092 3853 1329 4023 acceptisslima
1349 3870 1408 3923 eo-

102 3958 246 4031 rundem
266 3963 445 4057 provincia
468 3958 536 4056 est)
555 3962 766 4079 suspiciosas
784 3962 899 4054 spargi
918 3979 1075 4032 rumores
1093 3969 1194 4075 atque
1213 3952 1406 4027 calumnias

104 4059 254 4132 Laudem
276 4063 318 4134 ab
339 4065 412 4136 istis
432 4084 500 4133 nan
523 4084 664 4156 quaere,
685 4065 742 4156 qui
762 4064 862 4157 parvi
884 4071 918 4132 et
938 4064 1072 4153 angusti
1094 4060 1195 4128 animi
1223 4066 1320 4129 sunt·
1339 4054 1409 4141 sul

104 4161 171 4234 licit
197 4164 365 4251 benorum
392 4165 558 4237 adsensus
586 4173 620 4235 et
644 4164 797 4259 plausae,
826 4160 949 4233 sufficit
972 4186 1018 4233 ex
1045 4160 1096 4233 his
1117 4159 1215 4232 banis
1236 4180 1322 4229 unus
1343 4160 1407 4242 vir

105 4268 213 4337 amice
237 4277 396 4354 testatus
424 4291 477 4338 me
506 4270 539 4338 in
566 4267 632 4339 hoc
659 4288 788 4360 genera
815 4263 942 4358 aliquid
964 4284 1079 4359 possa.

207 4370 302 4441 Haec
330 4380 419 4458 sunt,
446 4393 534 4464 quae
555 4380 589 4441 te
609 4373 699 4443 scire
721 4369 829 4455 volui,
855 4365 1027 4438 benevole
1048 4365 1168 4454 lector,
1195 4387 1239 4435 ne
1262 4364 1407 4448 mireris

107 4473 297 4545 melimine
322 4473 431 4545 semel
456 4473 605 4545 feliciter
628 4473 760 4568 pulsata
786 4480 959 4566 repetere,
985 4462 1021 4539 ul
1046 4479 1141 4541 recte
1168 4467 1297 4541 iudices
1320 4464 1407 4536 hunc

107 4573 239 4665 librum,
258 4600 278 4647 e
296 4576 394 4671 prelo
413 4584 607 4696 surgentem
626 4585 795 4668 tamqnam
812 4566 1040 4666 eiqqrenocdc.
1078 4570 1225 4644 Difficile
1242 4580 1294 4642 est
1313 4565 1406 4636 Chri
