3046 4942
710 363 788 438 m

200 550 260 628 Sta
283 561 319 625 et
338 553 447 637 retine
467 550 591 624 amodo
613 551 729 624 locum
745 551 806 625 tibi
825 574 846 624 a
866 553 944 626 Deo
964 553 1160 647 delegatum
1177 579 1239 651 per
1254 564 1400 641 auctori

95 665 200 728 tatem
216 656 457 750 omnipotentis
475 653 542 725 Dei
562 662 596 726 et
612 675 675 749 per
690 663 905 750 praesentem
920 655 1135 728 traditionem
1151 667 1401 750 nosramom.

96 759 190 831 niom
216 757 350 831 scilicet
368 755 618 855 Episcoporam
643 765 926 854 caeterorumque
942 758 1008 830 liei
1026 779 1208 832 servorum
1224 771 1260 833 et
1277 774 1400 856 quanto

96 859 359 953 clerumlsacris
382 856 542 931 altaribus
561 860 840 954 propinquiorem
857 863 1038 981 perspicis,
1059 870 1152 933 tauto
1180 864 1212 933 ei
1232 866 1403 960 potiorem

94 967 130 1032 ιι
157 962 248 1035 ιοιιι
270 963 436 1054 congrms
454 959 620 1031 honorem
639 961 838 1057 impendere
857 964 1065 1054 memineris,
1087 973 1253 1061 quatenns
1274 966 1400 1041 media

93 1073 211 1136 torem
236 1062 322 1134 cleri
346 1071 380 1134 et
399 1060 508 1160 plebis
529 1081 730 1157 permanere
755 1062 866 1138 iaciat

200 1172 564 1255 Deindebletropolitanus
577 1172 710 1255 deposita
724 1177 808 1237 mitra
822 1185 910 1239 ιιιιι
913 1175 1061 1238 remusad
1070 1175 1400 1241 altareiacboatscboh

96 1285 298 1358 prosequente
311 1275 469 1355 dymnum:
491 1264 542 1338 'l'e
563 1265 673 1339 Deum
691 1267 875 1344 laudamus.
911 1278 967 1354 Qui
982 1288 1061 1341 totas
1076 1277 1191 1357 dicitnr,
1205 1298 1263 1360 quo
1278 1282 1398 1361 ιιιιριι

96 1379 342 1460 Metropolitanum
354 1377 470 1440 accedit
483 1377 519 1439 ad
532 1377 681 1441 dexteram
696 1378 801 1458 Regis,
813 1379 854 1440 ibi
868 1383 1009 1442 continno
1021 1398 1140 1443 manens
1156 1398 1248 1462 nsque
1260 1378 1297 1444 'ad
1312 1384 1399 1445 linem

98 1483 216 1560 bpmnl,
230 1490 261 1543 ιι
275 1499 313 1542 eo
328 1481 410 1542 llnlto
422 1478 667 1561 lletropolltanns
684 1490 766 1543 stans
780 1490 811 1543 nt
824 1482 905 1562 prins
918 1482 954 1543 ad
967 1480 1222 1559 dexteramdlegis
1235 1487 1300 1546 sina
1312 1487 1397 1551 ultra

97 1584 169 1646 dicit
182 1602 273 1664 saper
284 1582 366 1644 ιιιιιι
379 1600 500 1646 versus:
518 1571 689 1646 Firmetur
707 1594 826 1647 manns
845 1582 902 1644 ιιι
923 1582 959 1645 ιι
978 1576 1148 1646 exaltetur
1167 1576 1309 1650 dextera
1327 1589 1394 1650 tna.

96 1682 141 1767 ιι.
172 1675 303 1749 ιιιιιιιι
338 1685 373 1747 et
404 1675 564 1757 iudicium
595 1678 809 1771 praeparatio
834 1674 927 1749 sedis
952 1684 1040 1747 tuae.
1089 1674 1236 1747 Domine
1261 1680 1394 1750 exaudi

96 1777 142 1851 Et
164 1780 302 1850 clamor.
342 1776 511 1851 Dominus
531 1775 611 1849 ιοι.
658 1775 703 1848 Et
728 1799 813 1849 enm.

201 1879 357 1967 Oramus.
388 1879 485 1977 Deus
508 1880 564 1975 qui
582 1881 742 1967 victrices
755 1876 870 1974 ιιοιιι
889 1900 1007 1953 manus
1028 1881 1063 1950 ιι
1076 1880 1230 1951 οιιιιοιι
1247 1878 1396 1970 ιιιιιιιι,

97 1985 157 2078 qui
183 1982 336 2076 quamvis
362 1990 474 2054 aetate
499 1982 757 2074 languesceret,
789 1979 989 2073 infatigabili
1014 1982 1189 2054 sanctitate
1214 1981 1397 2077 pugnabat,

96 2094 137 2156 ut
162 2083 241 2154 dum
262 2082 430 2155 Amalech
455 2085 589 2178 iniquus
614 2086 776 2173 vincitur,
809 2081 888 2153 dum
912 2082 1075 2177 profanus
1097 2086 1268 2156 nationum
1290 2107 1397 2181 popu-

96 2187 152 2258 las
178 2184 388 2278 subiugatur,
416 2187 649 2258 exterminetis
675 2184 875 2277 alienigenis
896 2182 1096 2256 haereditati
1120 2194 1199 2257 tuae
1220 2189 1394 2282 possessio

96 2288 237 2386 copiosa
256 2289 416 2375 serviret,
438 2308 538 2383 opus,
557 2306 713 2358 manuum
734 2294 866 2357 tuarum
883 2288 937 2380 pia
954 2295 1093 2360 nostrae
1111 2290 1274 2360 orationis
1291 2310 1395 2360 exau-

96 2391 224 2462 ditione
245 2387 425 2461 confirma·
455 2388 617 2462 babemus
638 2396 673 2458 et
693 2407 757 2462 nos
778 2385 867 2482 apud
888 2396 924 2457 te
942 2396 1058 2459 sancte
1079 2386 1193 2477 Pater,
1215 2387 1396 2461 Dominum

97 2491 326 2579 Salvatorem,
347 2493 405 2584 qui
423 2511 485 2584 pro
506 2489 606 2561 nobis
624 2508 742 2559 manns
764 2508 844 2561 suas
862 2487 1040 2559 extendit
1031 2507 1066 2557 m
1083 2509 1200 2576 crues,
1207 2509 1280 2608 'per
1296 2511 1396 2583 quem

98 2597 199 2664 etiam
220 2615 413 2688 precamur,
435 2591 612 2681 altissime,
628 2598 666 2662 ut
679 2599 735 2661 tua
752 2590 903 2685 potentia
921 2588 1140 2682 suffragante,
1158 2592 1397 2662 uniuersorum

96 2696 242 2768 bostium
267 2694 444 2787 frangatur
466 2695 639 2789 impietas,
665 2691 880 2788 populusque
905 2701 1000 2781 tuus,
1026 2701 1182 2766 cessante
1203 2690 1396 2782 formidine,

96 2808 129 2870 te
151 2798 262 2872 solam
283 2799 405 2868 timere
425 2796 609 2871 condiscat.
650 2794 718 2868 Per
738 2794 892 2867 eundem.

199 2897 355 2969 Oremas.
408 2896 502 2970 Deus
528 2896 775 2986 inenarrabilis,
795 2908 915 2971 auctor
938 2896 1067 2984 mundi,
1085 2897 1240 2970 conditor
1257 2897 1394 2988 generis

95 3000 253 3086 humani,
280 2997 496 3068 confirmator
521 3001 633 3088 regni,
654 3001 711 3092 qni
733 3020 780 3069 ex
799 3008 898 3069 utero
925 2998 1035 3071 lidelis
1060 3001 1159 3070 amici
1183 3001 1244 3071 ιιι
1255 3001 1391 3094 patriar-

96 3102 184 3174 chae
213 3101 322 3171 nostri
342 3096 505 3171 Abrahae
530 3096 752 3191 praeelegisti
769 3099 904 3191 Regem
929 3098 1076 3172 saeculis
1097 3099 1326 3195 prolaturum,
1358 3111 1395 3173 ιι

95 3211 313 3300 praesentem
340 3202 508 3308 insignem
526 3197 670 3320 Regem
680 3199 769 3271 buno
789 3222 865 3271 oum
887 3201 1042 3271 exercitu
1066 3222 1129 3274 ιιο
1150 3223 1213 3296 per
1233 3204 1395 3277 interces-

95 3310 229 3380 sionem
254 3303 375 3375 beatae
383 3294 525 3373 Mariae
546 3302 690 3394 virginis
712 3310 747 3373 et
766 3304 913 3375 omnium
932 3297 1134 3374 Sanctorum
1152 3303 1249 3376 uberi
1267 3303 1394 3399 bene†

95 3409 245 3481 dictione
266 3407 438 3502 locupleta
459 3407 522 3477 et
512 3427 547 3476 ιι
568 3404 691 3477 solium
708 3426 808 3499 regm
797 3402 920 3475 firma
942 3403 1123 3478 stabilitate
1144 3418 1321 3497 connecte,
1343 3412 1391 3480 ιι-

95 3514 161 3586 ιιιι
184 3530 274 3598 eum,
297 3512 384 3580 sicut
406 3508 548 3581 visitasti
569 3503 747 3602 Moysen
736 3529 772 3578 ιι
790 3506 890 3596 rubo,
911 3504 1043 3581 losae
1033 3529 1068 3579 ιι
1089 3510 1233 3604 praelio,
1261 3506 1393 3581 Gedeo-

93 3613 232 3685 nemin
258 3632 362 3702 agro,
390 3608 584 3682 Samuelem
605 3609 786 3706 intemplo
813 3618 848 3680 et
868 3609 928 3680 illa
949 3631 1026 3680 eam
1051 3611 1185 3683 siderea
1206 3609 1393 3704 bene†di-

95 3716 210 3787 ctione
229 3736 270 3784 ac
290 3712 476 3808 sapientiae
497 3721 576 3782 tuae
591 3734 673 3784 rore
690 3710 858 3808 perfunde
874 3735 973 3808 quam
989 3711 1109 3786 beatus
1126 3711 1236 3784 David
1254 3715 1289 3782 ιι
1304 3712 1395 3808 psal-

94 3819 199 3905 terio,
221 3812 386 3888 Salomon
402 3811 581 3886 filiuseius
601 3823 635 3884 te
651 3824 900 3905 remunerante,
920 3818 1073 3912 percepit
1090 3813 1133 3885 de
1152 3813 1262 3884 coelo.
1289 3812 1343 3887 Sis
1362 3817 1394 3885 ei

97 3928 217 3991 contra
243 3919 335 3991 acies
356 3917 565 3986 inimieorum
585 3914 706 4005 lorica,
724 3912 760 3987 ιι
780 3915 933 3991 adversis
955 3917 1067 4010 galea,
1090 3917 1125 3986 in
1145 3919 1318 4011 prosperis
1340 3937 1394 3989 sa·

95 4023 237 4117 pientia,
258 4019 527 4114 ingprotectlone
551 4017 694 4113 clypeus
716 4020 949 4113 sempiternus.
995 4017 1040 4091 llt
1060 4026 1196 4113 praesta
1218 4026 1253 4088 ut
1274 4028 1393 4110 gentes

95 4124 149 4195 illi
170 4132 306 4194 teneant
331 4120 442 4210 iidem,
468 4118 634 4215 proceres
652 4122 705 4193 sui
726 4118 871 4190 babeant
890 4140 1023 4215 pacem,
1045 4119 1185 4211 diligant
1210 4123 1394 4209 caritatem,

96 4226 289 4299 abstineant
313 4244 352 4295 se
378 4248 397 4294 a
424 4223 623 4319 eupiditate,
651 4223 832 4317 loquantur
855 4223 1034 4310 iustitiam,
1055 4220 1245 4294 custodiant
1269 4225 1394 4296 veritat

96 4338 168 4401 tem
194 4336 229 4398 et
254 4329 300 4397 ita
317 4327 463 4422 populus
489 4328 553 4398 iste
579 4324 641 4398 sub
661 4328 735 4396 eius
757 4325 898 4418 imperio
920 4323 1074 4420 pullulet,
1096 4323 1238 4398 coalitus
1256 4325 1393 4399 benedi-

97 4434 214 4503 ctione
240 4430 459 4517 aeternitatis,
480 4437 517 4499 ut
538 4450 673 4524 semper
695 4426 913 4523 tripudiantes
935 4434 1091 4497 maneant
1114 4428 1150 4496 in
1174 4449 1260 4522 paco
1281 4452 1322 4500 ao
1343 4433 1394 4503 vi·

96 4543 224 4607 ctores.
278 4528 379 4614 Quor
403 4531 477 4624 ipse
502 4541 678 4627 praestare
697 4529 874 4622 dignetur,
900 4532 956 4625 qni
977 4539 1086 4601 tecum
1112 4530 1207 4601 ιιιιι.

203 4643 316 4729 Quibus
338 4641 426 4705 linitis
437 4639 683 4724 ltetropolitanas
702 4642 921 4707 cumiraelatis
943 4643 1052 4725 paratls
1064 4641 1142 4705 redit
1153 4641 1191 4705 sd
1202 4641 1303 4707 sedem
1313 4653 1393 4702 susm
