3046 4942
701 328 775 401 nol

88 532 150 584 uo.
177 508 348 583 Benedic
380 515 492 585 anima
519 532 597 583 mea
615 511 789 602 Domino,
817 538 912 602 usqua
937 508 1174 586 Renovalritur
1196 520 1236 586 ut
1259 513 1397 610 aquilae

88 622 248 687 iuventus
274 624 342 685 tua
392 624 501 686 Postea
523 631 626 687 ιιιιιι
641 623 771 685 titanum
788 633 819 685 ct
838 640 949 703 preces
972 613 1082 711 Kyrie
1103 615 1246 689 eleison
1293 616 1398 689 Pater

88 725 217 793 noster.
250 710 394 788 Salvum
413 717 470 788 iae
489 736 628 789 servum
648 725 752 787 nrum.
795 716 943 788 Domine
958 716 1061 790 Deus
1070 734 1181 805 meus
1202 725 1397 812 sperantem
1490 738 1504 747 ·

88 819 116 889 ἰι
144 825 188 888 te.
237 816 376 889 illustra
401 818 525 889 faciem
546 826 637 888 tuam
665 840 771 915 super
789 839 930 890 servum
951 827 1054 889 tuum.
1096 815 1240 891 Salvum
1261 838 1316 888 me
1340 817 1400 889 fac

88 920 117 990 in
136 919 373 1007 misericordia
394 930 451 991 tua
473 917 632 1007 Domine,
654 941 725 1011 non
747 919 950 1010 confundar,
977 922 1137 1014 quoniam
1162 921 1327 995 invocavi
1351 928 1396 991 ta.

88 1018 178 1091 dlitte
209 1020 309 1092 nohis
339 1022 503 1093 auxilium
531 1020 742 1109 desumto,
774 1031 809 1093 et
830 1022 873 1093 de
896 1021 982 1095 Sion
1006 1031 1105 1093 tuere
1124 1042 1199 1096 nos.
1250 1021 1399 1097 Domine

88 1120 179 1194 [teus
201 1125 364 1201 virtutum
384 1132 550 1197 converte
571 1144 656 1214 nos,
679 1123 825 1195 ostende
846 1123 970 1215 taciem
988 1131 1080 1194 tuam
1098 1132 1132 1195 et
1150 1124 1240 1196 salvi
1258 1126 1396 1197 crimus.

88 1221 230 1297 [lemine
252 1224 378 1295 exaudi
399 1228 591 1297 arationem
616 1246 736 1296 meam.
780 1223 825 1296 lit
845 1227 976 1297 clamor
996 1246 1094 1297 meus
1109 1225 1159 1297 :ad
1181 1234 1216 1296 te
1239 1227 1365 1296 veniat

172 1320 345 1399 --Oramuss
382 1325 520 1398 Exaudi
540 1326 686 1398 Domine
714 1348 840 1421 preces
861 1337 998 1400 nostras
1024 1336 1060 1398 et
1086 1325 1317 1399 confitentium
1337 1324 1399 1397 tibi

88 1449 188 1520 parce
214 1429 383 1522 peccatis,
408 1437 445 1498 ut
471 1428 716 1520 indulgentiam
736 1428 836 1501 nobis
861 1428 992 1501 tribuas
1013 1426 1183 1519 benignus
1191 1437 1244 1505 set
1264 1448 1397 1524 pacem.

88 1527 180 1601 [leus
202 1530 299 1599 cuius
319 1528 533 1619 indulgentia
554 1528 668 1599 cuncti
693 1527 859 1620 indigent,
884 1537 1057 1599 memento
1082 1528 1201 1599 famuli
1219 1531 1269 1600 tui
1289 1527 1344 1619 N.‚
1364 1536 1399 1600 et

88 1632 141 1723 uui
171 1627 294 1699 lubrici
316 1631 516 1720 terrenique
536 1630 693 1722 eorporis
712 1638 765 1699 est
785 1625 971 1718 fragilitate
992 1628 1159 1716 nudatus,
1192 1648 1399 1721 quaesumus

88 1740 116 1801 rt
141 1728 205 1799 des
228 1728 365 1798 veniam
386 1726 581 1814 confitenti,
609 1747 732 1822 parcas
757 1728 922 1822 supplici,
949 1737 987 1798 ut
1009 1750 1099 1823 qnae
1124 1731 1250 1802 nostris
1271 1731 1401 1805 meritis

88 1848 306 1917 recusamur,
323 1832 623 1903 tua-miseratione
647 1827 832 1900 salvemur.

188 1928 285 2000 Deus
306 1928 368 2001 sub
389 1932 486 2004 cuius
508 1929 618 2001 oeulis
638 1950 740 2001 omne
760 1951 823 2001 cer
842 1930 1000 2024 trepidat,
1025 1932 1203 2023 omnisque
1222 1932 1399 2001 conscien-

88 2034 129 2103 in
153 2032 403 2121 contremiscit,
430 2034 617 2127 propitiare
645 2033 794 2101 omnium
821 2030 1023 2121 gemitibus,
1055 2041 1089 2102 ct
1109 2042 1309 2129 cunctorum
1330 2053 1400 2103 me

88 2132 168 2204 dere
195 2130 396 2204 uulneribus
417 2142 456 2203 ut
476 2135 564 2204 sieut
584 2153 686 2205 neme
704 2141 860 2206 nostrum
882 2130 968 2265 liber
987 2141 1040 2206 est
1059 2153 1079 2201 a
1100 2132 1212 2229 culpa,
1233 2134 1292 2207 ita
1297 2155 1399 2206 nemo

88 2236 128 2305 sit
154 2234 286 2306 alienus
312 2255 332 2303 a
354 2236 467 2306 venia

641 2415 654 2421 ,ι
674 2414 687 2420 ι.
701 2414 844 2423 -—-u--—-—

188 2573 304 2644 Codeae
325 2570 589 2645 Vindoboneneis.
626 2581 663 2645 m
679 2584 727 2646 dic
744 2585 932 2648 Orationemz
959 2571 1079 2647 Cuncti
1099 2573 1308 2665 indulgentia
1329 2593 1401 2643 om·

88 2697 149 2749 nes
169 2674 333 2766 indigent.
379 2671 535 2749 (iremus.
574 2672 748 2751 Memento
775 2677 894 2750 famuli
913 2679 961 2750 tui
981 2676 1028 2747 ill
1051 2687 1086 2748 et
1106 2678 1163 2771 qui
1182 2674 1313 2745 lubrica
1332 2683 1401 2745 tar·
1482 2734 1489 2741 .

88 2779 161 2849 reni
187 2777 345 2871 corperis
367 2774 553 2868 fragilitate
575 2778 721 2852 nudatus
744 2791 798 2852 est
811 2789 885 2855 ..etc
907 2798 1057 2867 utsupra
1096 2782 1402 2865 Deindedictspsd-

88 2902 179 2950 muru:
209 2876 362 2948 Benedic
384 2880 494 2948 anima
520 2901 597 2950 unca
619 2880 766 2953 Domina
789 2900 885 2973 usque
906 2879 1138 2953 renovabitur
1179 2886 1403 2948 tetulerunt

88 2989 179 3051 hone:
210 2977 364 3053 Oremus
418 2978 513 3054 Deus
536 2981 598 3055 sub
620 2986 716 3056 cuius
731 2978 849 3057 oculis
872 2993 936 3055 ele.
961 2999 993 3052 nt
1012 3009 1111 3071 supra.
1162 2987 1201 3049 Et
1223 2986 1297 3049 dicis
1325 2988 1403 3068 psal·

88 3070 166 3151 mrim
180 3090 451 3169 quinquagesimum
468 3079 637 3153 Miserere
654 3106 722 3154 mer
712 3082 831 3158 Deus
852 3112 947 3174 usque
963 3104 1083 3156 omnes
1101 3083 1293 3176 iniquitates
1308 3102 1403 3154 meus

89 3183 177 3256 dele
231 3188 270 3267 tlt
289 3191 363 3253 dicis
382 3191 475 3252 hanc‘
478 3201 553 3255 οιιι.
601 3180 757 3257 Oremus.
810 3185 942 3257 Precor
967 3184 1115 3256 Domine
1138 3182 1341 3254 clementiae
1369 3190 1403 3252 et

88 3282 346 3359 misericordiae
368 3293 449 3355 tuae
474 3286 699 3375 maiestatem,
721 3296 760 3357 ut
782 3286 913 3359 famulo
935 3296 994 3358 tua
1020 3285 1068 3356 ill.
1090 3292 1233 3380 peccata
1260 3292 1294 3354 et
1320 3282 1405 3355 faei-

88 3406 172 3460 nora
198 3407 261 3460 sua
291 3384 466 3458 confitenti
492 3388 628 3457 veniam
658 3387 818 3459 relaxare
846 3388 998 3508 digneris
1026 3387 1230 3458 delictorum
1250 3393 1284 3457 et
1305 3406 1405 3482 prae·
1473 3478 1477 3482 Ι

88 3491 268 3563 teritorum
289 3488 466 3559 criminum
487 3487 606 3582 culpas
628 3488 820 3582 indulgeas,
847 3494 904 3585 qui
930 3490 1080 3562 humeris
1107 3492 1173 3561 tuis
1200 3509 1303 3560 ovem
1325 3509 1404 3582 per-

88 3580 192 3663 ditem
211 3590 393 3679 reduxisti
418 3593 475 3683 qui
495 3589 666 3685 publicani
688 3613 812 3687 preces
836 3592 1055 3665 confessione
1081 3592 1236 3688 placatus
1263 3586 1405 3661 exaudi-

88 3696 141 3783 sti,
166 3701 205 3764 tu
232 3696 334 3765 etiam
360 3693 439 3764 huic
460 3690 588 3764 famulo
610 3703 669 3765 tue
696 3693 837 3788 placare
863 3694 1029 3784 Domine,
1056 3706 1092 3767 tu
1118 3693 1218 3765 huius
1244 3687 1405 3786 precibus

88 3784 259 3887 benignus
281 3795 431 3891 adspira,
453 3797 519 3864 ut
509 3815 544 3865 ιιι
562 3794 782 3869 confessione
798 3795 976 3891 placabilis
994 3805 1193 3893 permaneat
1212 3791 1312 3864 lletus
1331 3793 1406 3863 eius

88 3906 118 3968 et
145 3898 270 3991 petitia
293 3907 493 4016 perpetuam
516 3896 729 3968 clementiam
753 3897 915 3969 celeriter
936 3909 1077 3987 exaret,
1105 3898 1301 3987 sanctisque
1322 3891 1406 3964 alta·

88 3998 184 4070 ribus
206 4009 242 4071 et
260 4001 420 4072 sacrariis
441 4001 616 4072 restitutus
636 4002 711 4095 spei
724 4021 844 4072 rursus
858 4010 1021 4071 aeternae
1037 4022 1077 4070 ac
1092 3997 1254 4071 coelestis
1272 3993 1406 4087 gloriae

88 4103 311 4196 mancipetur
360 4098 435 4173 Per.
489 4109 645 4188 Interroga
666 4129 731 4171 eum
751 4112 776 4172 si
800 4110 856 4172 iam
875 4111 1030 4173 confessus
1045 4111 1152 4171 inisset
1164 4116 1195 4168 et
1212 4116 1337 4187 prepter
1350 4105 1407 4167 hcc

88 4221 261 4290 uterrcges
282 4213 307 4272 si
326 4214 391 4293 ipse
409 4211 518 4292 aliquid
539 4214 576 4274 de
602 4213 678 4274 malo
694 4199 855 4299 ingeniol)
875 4210 1030 4273 hebetant
1050 4213 1086 4273 de
1104 4212 1183 4272 furta
1198 4218 1247 4271 aut
1261 4210 1298 4271 de
1311 4209 1408 4288 aliqua

88 4329 178 4401 eausa
197 4315 382 4376 iniustificata
401 4325 502 4377 'cantra
517 4303 713 4392 directum.²)
754 4316 786 4378 st
801 4315 956 4377 confessus
971 4314 1061 4374 inerit
1077 4313 1156 4393 qued
1171 4313 1275 4391 habet,
1295 4313 1408 4374 instrue

155 4507 186 4585 1)
202 4512 387 4583 lugentum
408 4512 453 4568 hic
475 4520 503 4568 et
518 4513 588 4569 iutra
603 4512 710 4585 saepius
725 4529 760 4568 ex
774 4528 851 4568 more
863 4510 1026 4583 scriptorum
1041 4509 1121 4569 medii
1132 4511 1194 4571 aeui
1207 4509 1343 4583 signifieat
1357 4507 1408 4567 do-

88 4591 164 4666 tum,¹
173 4598 307 4669 noudum,
321 4603 395 4655 artas
409 4597 502 4656 malas.
545 4593 576 4670 2)
591 4605 687 4656 contra
701 4597 759 4670 inc,
775 4604 870 4655 ccntm
885 4601 1068 4670 praeceptum.
