3046 4942
710 325 780 396 157

191 500 364 582 Oremus:
400 507 554 580 Benedic
575 508 671 583 Dens
699 513 916 605 omnipotens
942 510 1057 582 locum
1082 512 1202 601 istum,
1229 523 1266 585 nt
1294 513 1338 588 sit
1369 515 1403 587 in

88 633 127 683 ιο
157 614 315 700 sanitas,
343 615 506 701 castitas,
530 613 697 701 uictoria,
724 616 852 700 uirtus,
879 611 1069 701 humilitas,
1097 612 1231 685 bonitas
1253 625 1289 692 et
1311 637 1405 686 man·
1433 614 1438 622 ’

88 712 255 799 suetudo,
281 712 458 807 plenitudo
483 713 572 805 legis
594 717 832 806 et'g'ratiarum
859 714 949 793 actio
973 715 1050 787 Deo
1078 715 1171 786 Patri
1200 725 1234 786 et
1252 715 1342 797 Fiho
1369 725 1405 786 et

88 815 229 910 ipiritui
253 814 409 889 Sancto:
442 825 476 885 et
506 813 592 885 hooc
618 814 812 888 benedictio
839 826 974 888 maneat
997 839 1102 912 cuper
1126 815 1215 887 hunc
1236 818 1351 889 locum
1371 826 1406 889 et

88 912 195 1012 super'
212 917 402 991 habitantes
429 920 464 988 in
485 939 547 1004 eo,
569 916 660 988 hunc
682 929 716 989 et
736 921 772 988 in
793 917 933 990 saecula
955 914 1183 1008 saeculorum.

190 1020 300 1092 Parce
316 1020 474 1109 Domine,
493 1041 597 1114 parce
619 1021 748 1115 popnlo
770 1030 828 1092 tuo
851 1030 886 1105 et
906 1022 1009 1094 nullis
1030 1043 1094 1094 nos
1121 1023 1261 1116 potiaris
1282 1019 1406 1091 adver·

88 1122 263 1211 sitatibus,
290 1122 411 1211 bellis,
432 1120 580 1209 morbis,
601 1122 858 1217 tempestatibus
886 1144 927 1193 ac
949 1122 1112 1218 periculis
1138 1121 1295 1215 fatigari,
1317 1143 1406 1242 qnos

88 1227 243 1318 pretioso
269 1224 350 1310 Filii
374 1227 423 1296 tui
448 1223 586 1294 Domini
613 1227 723 1298 nostri
749 1223 828 1301 lesu
855 1222 979 1298 Christi
1001 1246 1150 1323 corpore
1177 1233 1213 1295 et
1239 1226 1407 1318 sangnine

88 1325 273 1405 redemisti.
1419 1391 1429 1409 „

191 1428 350 1501 Absolve
378 1441 584 1522 quaesumus
611 1426 758 1507 Domine
787 1429 916 1521 animas
946 1426 1097 1521 fidolium
1121 1437 1259 1513 tuorum
1289 1425 1344 1497 hic
1371 1435 1406 1497 ct
1453 1416 1457 1425 '

88 1480 252 1625 ubiipue'
244 1553 279 1601 ιι
305 1526 441 1603 Christo
470 1531 744 1624 quiescentium
774 1540 811 1602 ut
834 1514 993 1601 defuncti
1018 1527 1160 1602 saeculo
1187 1516 1247 1599 tibi
1263 1532 1405 1617 vivant,

88 1643 122 1703 at
157 1656 247 1727 qnae
286 1654 349 1727 por
382 1630 602 1721 lragihtntem
641 1635 754 1703 carnis
775 1631 932 1701 hnmana
963 1631 1231 1702 conversatione
1263 1638 1407 1748 peccato

88 1737 362 1822 commiserunt,
398 1741 435 1800 tu
461 1732 568 1800 venia
590 1730 932 1804 misericordissimae
956 1731 1113 1803 veritatis
1139 1729 1366 1800 clementer
1356 1750 1407 1800 ιι-

88 1835 207 1928 dulge.
249 1834 316 1907 Per
338 1832 531 1904 Dominum
565 1836 609 1923 ιιι.
635 1830 797 1911 Amen.
1121 1850 1130 1866 ·

193 1944 231 2005 Et
253 1947 423 2007 incensatur
444 1951 475 2002 ut
496 1961 600 2022 supra;
630 1952 660 2003 at
679 1942 755 2003 rodit
776 1939 933 2004 Procesoio
954 1938 992 2001 ad
1011 1938 1184 2001 ecclesiam:
1194 1937 1260 2000 nbi
1284 1914 1408 2001 habetur
1434 1935 1439 1943 '

90 2050 209 2109 Sacram
224 2048 280 2106 uisi
294 2056 363 2107 ante
377 2044 507 2104 habitum
522 2044 621 2104 luerit
655 2042 732 2104 Dein
746 2045 861 2104 canitur
883 2032 934 2104 Te
952 2033 1064 2103 Deum
1087 2030 1264 2105 laudamus
1280 2061 1338 2121 quo
1357 2041 1407 2104 ab·

92 2150 187 2212 soluto
202 2167 306 2210 omnes
321 2146 535 2224 genuflectunt.
559 2146 722 2211 Sacerdos
744 2145 868 2207 adorato
891 2152 922 2205 et
942 2146 1097 2206 incensato
1111 2142 1282 2205 Venerabili
1302 2144 1407 2207 Sacra·

97 2261 189 2315 uento
205 2253 284 2313 canit
304 2268 369 2311 cunr
384 2267 421 2311 eo
437 2248 473 2309 ad
488 2247 629 2328 populum
648 2265 829 2310 conversae·
854 2236 1000 2309 uantum
1023 2249 1110 2329 eigo
1140 2245 1226 2326 etc,
1252 2232 1407 2311 Genitori

97 2348 276 2438 genitoque
300 2352 365 2414 eto
388 2346 591 2431 respondente
611 2348 710 2412 Chora
736 2332 869 2430 reliquos
897 2367 1020 2425 remus,
1049 2346 1175 2426 dataque
1197 2347 1407 2412 benedictione

98 2457 246 2536 reponitur
260 2447 476 2518 llonatraitia
466 2470 497 2513 ιι
511 2451 742 2531 tabernaculum,
757 2460 845 2532 atque
859 2470 876 2514 a
891 2449 1054 2513 Sacerdote
1067 2435 1260 2525 ιιιιιιιιιιιῑ).

98 2593 298 2608 *σή-

133 2732 137 2739 .
173 2677 585 2756 llireccaotllenedlctionss
598 2612 951 2738 muroedourocoeattn
961 2673 1190 2751 motpanllicper
1199 2671 1335 2733 uvam.
1420 2638 1432 2657 ο
