3046 4942
671 310 748 385 diiii

155 501 273 565 Deinde
285 510 426 585 aspergat
440 520 507 565 enm
519 519 595 582 aqua
608 501 774 565 benedictn.

155 604 238 679 Quae
252 608 350 671 omnia
364 606 452 669 etiarn
465 612 607 686 poterunt
620 604 745 667 arbitrio
758 601 931 667 Sacerdotis
943 601 1082 667 breuiora
1096 592 1209 680 deri.¹)

611 773 805 784 *ann-—

68 893 121 970 li.
161 896 288 971 ORDO
316 897 574 971 EXTREMAE
602 898 849 975 UNGTIONIS
875 898 941 971 EX
965 895 1134 971 conica
1162 895 1350 972 TILIANO

449 1024 482 1097 p.
505 1007 538 1074 9.
550 999 585 1097 ²)
629 1002 730 1075 Saec.
754 1001 813 1074 IX.
841 1003 901 1075 vei
922 1000 966 1073 X.

153 1144 317 1225 Antequam
334 1155 462 1223 ungatur
479 1146 622 1228 infirmus,
640 1150 816 1210 condicatur
830 1146 1006 1210 omnimodis
1019 1144 1085 1207 ileo
1099 1153 1130 1205 et
1142 1144 1298 1209 Sacerdoti
1312 1162 1367 1206 auo

48 1247 166 1327 puriter
178 1256 300 1327 peccata
314 1266 366 1308 sua
379 1248 478 1309 omnia
494 1258 525 1310 et
536 1251 809 1313 reconciliationem
827 1250 864 1312 ab
880 1268 917 1311 eo
931 1249 1078 1330 percipiat
1091 1246 1225 1329 plenam:
1243 1256 1275 1308 ut
1287 1246 1368 1308 uice·

50 1346 134 1408 mbos
152 1357 342 1428 peccatorum
362 1349 554 1413 contencione
567 1361 728 1434 purgetne,
748 1352 897 1434 adapertis
910 1351 1018 1429 diguus
1031 1351 1168 1431 proiiciat
1181 1351 1209 1412 ai
1222 1349 1368 1412 unctioni·

115 1542 146 1620 l)
162 1543 271 1600 Plurimi
291 1542 355 1599 iibri
371 1543 482 1602 rituales
500 1545 602 1603 uetusti
621 1544 812 1602 commendant
828 1544 1023 1602 Sacerdotibus
1039 1543 1280 1614 consuetudinem,
1297 1559 1368 1615 quaa

48 1645 123 1687 nuuc
135 1644 190 1684 nou
202 1626 318 1698 amplius
331 1636 467 1698 servatur,
482 1629 606 1685 nimirum
620 1636 649 1687 nt
662 1646 755 1687 eoram
768 1630 878 1685 ludrmo
890 1627 1013 1699 quotidie
1026 1628 1144 1684 recitent
1154 1628 1243 1685 lioras
1253 1627 1368 1685 canoni·

48 1730 98 1769 cas
112 1713 157 1766 vei
173 1712 208 1766 de
223 1718 347 1781 tempore
360 1710 404 1766 rel
417 1727 470 1783 pro
484 1713 600 1768 inarmis
614 1712 790 1786 compositas.
809 1712 848 1768 ita
860 1712 955 1768 codex
965 1709 1085 1769 'i'ilianus
1098 1710 1225 1783 „Debent
1236 1710 1317 1765 etiarn
1333 1725 1370 1769 ex

46 1795 184 1852 ministris
195 1804 304 1851 sanctae
316 1795 470 1852 eccclesiae
482 1813 542 1852 cnm
552 1813 652 1854 summa
664 1795 818 1855 reverentie
830 1795 944 1853 infirmis
955 1795 1101 1851 decantare
1112 1811 1163 1867 per
1174 1793 1298 1864 singulos
1309 1791 1369 1849 dies

49 1887 78 1936 ct
91 1885 190 1934 noctes
203 1878 399 1950 vespertinales
411 1887 440 1936 et
451 1880 621 1938 matutinales
631 1880 726 1938 laudes
740 1881 858 1953 pleniter
869 1880 939 1938 sicut
949 1895 1009 1935 mos
1021 1876 1258 1936 estinecciesia.“
1273 1876 1368 1934 Codex

48 1962 192 2020 dernensis
208 1980 235 2035 p.
248 1966 265 2018 9
281 1962 338 2032 „Et
349 1963 397 2018 vii
408 1963 468 2020 dies
479 1967 524 2021 rel
536 1965 619 2021 multo
631 1966 740 2039 plnres,
757 1965 781 2021 si
792 1964 942 2022 necessitas
953 1963 1050 2034 inerit,
1067 1970 1121 2019 iam
1133 1963 1167 2019 de
1179 1961 1367 2018 cummunione

51 2062 131 2121 quam
145 2046 181 2102 de
196 2046 252 2102 aiio
262 2047 357 2103 cilicio
368 2062 436 2119 erga
448 2048 579 2104 indrmum
592 2049 650 2104 dat:
666 2056 695 2106 ut
704 2049 776 2107 sicut
785 2047 936 2120 Apostolus
947 2048 1024 2119 dicit,
1033 2047 1116 2104 immo
1127 2046 1243 2120 Spiritus
1254 2047 1369 2103 Sanctus

51 2148 101 2205 par
113 2148 173 2187 euru
184 2131 236 2187 ait:
248 2131 275 2189 Si
288 2131 314 2186 in
327 2131 449 2202 peccatis
461 2133 543 2189 luerit
550 2131 718 2190 dimittentur
724 2133 760 2189 ei.
776 2133 1013 2190 {lebentetiamex
1019 2131 1149 2191 ministris
1155 2137 1266 2188 mactae
1276 2131 1368 2186 eccie-

51 2216 108 2273 siae
122 2231 271 2291 procurare
279 2214 443 2273 utCanouici
451 2233 547 2273 eureus
554 2217 627 2272 circa
635 2216 890 2287 condecantemus,
906 2216 934 2272 id
943 2223 986 2275 ast
992 2216 1148 2287 matutinae,
1162 2215 1261 2288 prima,
1275 2214 1368 2287 tertia,

52 2308 140 2370 sexta,
152 2315 397 2371 nons,uasperum,
407 2299 613 2372 completorium
620 2300 724 2367 Quodsi
732 2299 1008 2373 iipiscopnsaiinerit,
1015 2299 1236 2356 benedictionem
1243 2299 1332 2369 dabit3
1343 2296 1368 2355 si

54 2400 106 2442 nou
123 2383 224 2454 singuli
235 2382 401 2440 Sacerdotes
417 2383 539 2454 singulas
551 2385 600 2439 iras
609 2383 932 2442 crationesdieantetc.“
959 2384 1083 2440 Oldciom
1098 2383 1238 2456 proprium
1251 2398 1367 2455 quaeras

54 2466 124 2543 apud
136 2467 319 2524 Binterimium
328 2467 660 2540 Denkw.Vi,3,p.9tisq.
681 2469 834 2537 iiaiipmno
847 2468 990 2525 christe
1004 2467 1179 2522 eoelestis
1193 2464 1368 2521 medicina

52 2552 168 2625 patris
184 2551 267 2607 adeas
273 2552 438 2607 thesaurum
451 2568 538 2607 meum
546 2551 776 2623 iiymnologlp.
787 2549 837 2605 198
845 2568 886 2622 sq.
903 2550 1028 2607 Ceterum
1040 2556 1132 2606 nomm
1141 2557 1285 2606 astcoram
1292 2548 1369 2606 iniic-

53 2638 101 2694 ruis
113 2637 222 2708 saepius
229 2636 325 2693 iiiam
332 2635 486 2693 celebratas
492 2635 861 2706 assaacceieirrariiadeque
869 2635 968 2693 multae
975 2633 1156 2693 exstamliis
1165 2649 1225 2691 saa
1238 2647 1303 2707 pun
1318 2631 1369 2687 iu·

54 2722 76 2779 ii
84 2719 441 2791 rmiaioiilrrisiiturpieis.
454 2720 715 2779 iiissaieiionanum
723 2717 1220 2779 hedemnmmnensber:introita
1230 2735 1252 2776 s.
1264 2714 1369 2775 Exaudi

52 2806 123 2863 ileos
134 2804 288 2862 oraticnem
300 2821 386 2861 meam
400 2811 428 2861 et
445 2822 480 2861 ue
495 2804 654 2879 despexeris
668 2803 889 2879 deprecationem
902 2819 998 2875 meam,
1010 2801 1121 2861 intende
1134 2801 1162 2861 in
1177 2819 1219 2859 me
1231 2808 1258 2857 et
1270 2798 1369 2857 exaudi

53 2884 124 2950 me*.
140 2889 322 2945 Contristetus
330 2889 421 2945 samin
429 2889 626 2946 exercitatione
635 2907 693 2945 mea
703 2889 913 2945 siconturbatus
922 2886 1188 2944 sumavoeeinimiel
1197 2885 1368 2942 etatrilrnia·

51 2972 303 3045 tiouepeccatoris.
330 2973 431 3033 Gloria.
459 2973 572 3029 Exaudi.
602 2974 739 3030 Oratio.
769 2972 947 3044 Omnipotens
962 2972 1127 3043 sempiterne
1139 2971 1305 3040 liaus‚saios
1320 2986 1369 3024 ae-

49 3063 132 3115 terna
148 3056 314 3115 credentium
328 3064 458 3130 utsupra.
483 3057 664 3130 Epistola.
691 3059 745 3112 iae.
759 3056 794 3126 V,
809 3055 930 3114 ld-id.
953 3055 1135 3113 Graduaia.
1161 3054 1292 3115 minnere
1305 3052 1368 3110 mitri

48 3140 168 3199 nomme
188 3142 312 3214 qoniam
332 3141 454 3198 inirmne
474 3156 531 3198 suaa
543 3156 667 3198 sena-me
678 3135 830 3199 Domine*.
860 3138 1025 3197 conturbata
1046 3146 1109 3195 aunt
1124 3139 1213 3199 urania
1230 3155 1294 3197 ossa
1308 3153 1368 3195 mea

48 3235 77 3285 at
94 3222 186 3285 asina
197 3241 257 3287 nea
274 3225 380 3282 turbata
395 3232 438 3281 est
451 3224 540 3281 ualde.
564 3223 619 3280 ΑΙΙ.
633 3218 710 3281 λιι*
753 3222 868 3280 nomine
883 3222 981 3279 exaudi
995 3222 1148 3280 orationem
1163 3238 1249 3283 maan
1266 3229 1296 3283 et
1309 3225 1368 3281 oia·

47 3327 112 3368 mor
128 3326 204 3367 mens
221 3309 257 3365 ad
279 3316 307 3366 te
330 3309 471 3382 perveniat
492 3308 547 3365 nrt.
580 3307 753 3379 Evaapai.
768 3305 859 3365 iiattir.
878 3307 1078 3377 Vino-14.
1110 3306 1238 3367 0iiert.
1264 3304 1368 3365 iixaadi

46 3394 123 3453 oens
135 3393 287 3455 orationem
303 3401 429 3452 meamet
442 3410 477 3451 na
492 3391 654 3465 despexeris
668 3391 889 3464 deprecationem
903 3406 1000 3461 meam,
1014 3389 1124 3450 intende
1135 3391 1162 3449 iu
1174 3408 1217 3453 aue
1228 3398 1256 3454 et
1271 3389 1369 3449 exaudi

44 3495 103 3536 ma.
131 3479 175 3536 Se
184 3486 293 3537 erata.
318 3476 390 3536 Dens
405 3479 481 3534 cuias
492 3477 600 3534 antibus
611 3477 684 3533 ritae
694 3482 808 3533 nostrae
822 3483 956 3535 momenta
969 3475 1131 3535 decurrunt:
1144 3477 1254 3549 suscipe
1268 3490 1369 3548 preces

45 3572 76 3623 et
87 3563 195 3621 haatim
210 3564 372 3621 iamuiorum
387 3570 510 3633 tororum,
526 3576 579 3634 pro
590 3561 686 3634 quibus
700 3561 906 3632 aegrotantibus
922 3560 1137 3619 misericordiam
1152 3568 1223 3619 tuam
1237 3558 1367 3630 impiora-

46 3666 123 3706 maa:
141 3655 172 3704 ei
185 3647 220 3705 de
236 3664 349 3720 quorum
361 3647 484 3721 periculo
499 3648 650 3717 metuimus,
666 3646 701 3702 de
713 3661 807 3703 eorum
820 3646 908 3702 saluta
922 3647 1063 3703 iactemur.
1093 3647 1174 3703 corn
1183 3643 1305 3703 munio.
1331 3641 1368 3701 li·

45 3732 151 3789 lumina
162 3732 262 3789 inuiam
276 3739 347 3789 tuam
359 3748 442 3804 super
455 3748 563 3788 serrum
575 3739 647 3788 tuum
664 3739 691 3787 et
702 3731 804 3787 salvum
815 3731 858 3786 iac
868 3730 895 3787 iu
909 3737 952 3789 tua
965 3731 1167 3789 misericordia:
1186 3727 1298 3786 Domine
1312 3739 1368 3781 non

48 3815 205 3874 ooaiuudar
219 3817 346 3889 quoniam
358 3816 484 3872 invocavi
502 3824 538 3872 te.
571 3815 872 3874 Postcommuain.
902 3815 975 3873 Deus
990 3815 1152 3873 iniirmiiatis
1166 3814 1298 3873 damnas
1312 3808 1369 3869 sin-

48 3902 149 3972 gulare
163 3900 328 3974 praesidinm
344 3909 397 3961 etc
413 3907 548 3972 utsupra

112 3986 145 4060 ι)
162 3984 252 4041 Cum'
245 4003 272 4041 nn
287 3985 478 4042 vetustissimis
488 3983 746 4055 sacramentariis,
739 3999 820 4040 ummo
835 3983 862 4040 in
874 3982 1067 4056 antiquissimis
1079 3977 1288 4039 sacramentarii
1300 3932 1369 4036 iire-

48 4069 161 4141 goriam
153 4068 320 4127 (lodicibus
337 4070 403 4127 ritus
414 4069 559 4125 Extremae
571 4068 713 4126 Unctionis
728 4067 934 4137 desiderentur,
950 4068 1088 4125 audiamus
1105 4080 1220 4121 necesse
1238 4071 1280 4125 en
1293 4079 1368 4121 eaeo

46 4154 95 4210 tx.
106 4162 136 4213 at
147 4155 180 4213 Χ.
193 4155 371 4211 ιιιοιιιιιιιιιι.
400 4155 492 4211 linires
498 4153 593 4210 (indici
607 4153 712 4209 Titiano
724 4145 917 4229 παράλληλον
928 4151 1091 4208 CodicemS.
1100 4148 1182 4217 ningit
1196 4147 1371 4222 (inquottne

48 4237 173 4295 terimiua
187 4238 462 4296 andaciuseinceruna
477 4238 604 4309 Gregorii
619 4239 698 4294 ritum
713 4243 823 4294 exstare
838 4229 943 4308 petat),
960 4235 1088 4293 codicem
1104 4233 1226 4303 lietoldi,
1240 4231 1370 4291 (λοιλλοοιι

49 4322 221 4384 Rememem
242 4323 363 4396 Denique
379 4339 434 4380 non
450 4324 620 4394 negleximus
639 4322 793 4395 capitulare
808 4319 977 4391 i'ireoduipiai
987 4317 1274 4390 Aurelianensisapnd
1288 4318 1369 4379 Bata-

48 4409 121 4464 aium
134 4407 248 4465 liisceii
264 4409 358 4464 Tomn.
370 4408 417 4464 iili
432 4408 503 4479 apud
518 4408 702 4466 Binierimium
717 4406 735 4470 l.
752 4424 776 4462 c.
793 4423 819 4478 p.
831 4403 935 4476 idlae.
967 4401 1020 4460 Vin
1043 4409 1086 4462 asi
1106 4403 1179 4476 qnod
1197 4403 1370 4472 adnotemus,

49 4508 104 4551 nna
118 4508 175 4550 nen
191 4493 314 4550 haesisse
328 4492 357 4549 in
373 4491 575 4564 discrepantiae
595 4492 729 4551 minutiis:
755 4488 932 4549 satisiaeieee
951 4494 1073 4562 putamus
1096 4489 1244 4549 lectoribus
1262 4485 1369 4549 exemi·

47 4576 142 4634 bendo
153 4576 337 4650 acpeasaado
348 4575 486 4646 grastera.
