3046 4942
730 246 807 316 266
868 259 873 265 '

416 472 463 548 V.
499 474 571 548 EX
602 473 833 549 RITUALI
870 470 1115 546 ROMANO.

211 641 359 704 Paroohus
378 641 545 704 admonitus
565 641 603 703 de
621 641 721 721 aliquo
742 642 926 703 matrimonio
947 642 977 701 in
991 657 1042 700 ιιιι
1056 639 1199 720 parocbia
1215 638 1423 717 contrahendo,

110 747 235 828 primum
253 753 417 822 oognoscat
431 762 469 805 ex
483 744 530 804 bis
543 742 579 804 ad
597 760 673 824 quos
686 751 823 824 spectat,
847 742 897 822 qui
915 750 946 802 et
959 741 1063 821 quales
1078 743 1137 803 siut
1150 744 1200 822 qui
1215 744 1423 804 matrimonium

110 847 287 909 contrahere
307 847 427 908 uolunt:
450 864 487 907 au
509 848 587 907 iuter
600 863 654 907 eos
668 846 707 906 sit
719 844 840 925 aliquod
854 843 1034 906 (laconicum
1048 844 1312 924 impedimentum,
1339 855 1421 906 utrnuu

110 958 238 1031 sponte,
259 947 371 1026 libere,
392 957 423 1009 ιι
435 947 596 1009 secundum
613 947 799 1009 honestatem
814 948 995 1008 sacramenti
1010 946 1106 1008 velint
1119 946 1318 1009 contrahere:
1339 956 1421 1007 ιιιιι

109 1053 169 1112 siut
182 1051 212 1110 lu
226 1059 324 1111 aetate
337 1050 480 1128 legitime,
499 1058 531 1110 ut
544 1050 593 1110 viu·
602 1049 708 1110 saltem
723 1047 946 1129 quatuordecim
959 1048 1064 1109 mulier
1077 1067 1151 1110 uero
1164 1047 1326 1109 duodecim
1338 1066 1421 1110 annue

110 1152 280 1232 expleverit
300 1161 330 1213 et
350 1161 474 1231 uterque
498 1152 571 1212 scint
592 1150 756 1212 rudimenta
777 1151 862 1227 ildei,
882 1167 948 1211 cum
962 1168 998 1211 ea
1011 1149 1119 1211 deiude
1134 1150 1214 1211 lilios
1233 1167 1309 1212 snos
1322 1149 1420 1212 docere

110 1252 248 1314 debeant.
265 1243 302 1305 '—.
317 1283 361 1296 -
377 1252 503 1313 Noverit
516 1270 555 1313 ex
569 1252 702 1332 probatis
716 1252 897 1329 auctoribus,
907 1270 983 1331 quae
993 1253 1052 1312 sint
1061 1250 1209 1314 (laconica
1221 1252 1420 1332 impedimenta

24 1410 28 1419 ,
110 1356 286 1416 matrimonii
301 1353 494 1416 contrahendi
509 1363 540 1415 et
552 1372 628 1434 quae
643 1362 823 1416 contractum
837 1353 984 1431 dirimant,
1000 1362 1030 1414 et
1046 1355 1095 1432 qui
1110 1355 1169 1414 siut
1183 1355 1299 1430 gradus
1310 1371 1420 1414 eonuan

110 1458 263 1534 guinitatis
282 1465 313 1516 et
326 1456 475 1517 aiiunitatis
490 1464 519 1515 et
533 1456 603 1516 item
617 1457 804 1532 cognationis
818 1455 980 1535 spiritualis
993 1473 1033 1515 ex
1045 1455 1184 1536 Baptismi
1203 1455 1254 1515 ιιι
1271 1455 1420 1518 Continua-

110 1559 202 1619 tionis
222 1558 412 1617 Sacramento
433 1565 612 1619 contractae.
654 1557 766 1618 llobeat
786 1559 927 1637 imprimis
948 1558 1014 1637 ipae
1035 1557 1113 1617 bene
1133 1559 1256 1634 cognita
1271 1566 1419 1637 praecepta

110 1659 161 1719 illa
183 1660 280 1720 omnia
297 1675 373 1738 quae
387 1661 415 1717 in
430 1660 622 1719 matrimoniis
636 1659 693 1719 rite
707 1658 899 1720 conficiendis
912 1660 1027 1719 seruari
1042 1667 1186 1738 oportere
1199 1662 1280 1720 sacri
1295 1659 1419 1720 canones

111 1769 141 1822 et
159 1761 321 1840 praecipuo
345 1769 445 1821 sancta
463 1760 601 1837 Synodus
617 1747 788 1820 Tridentino
808 1761 908 1829 iussit:
929 1759 1069 1841 dabitque
1087 1778 1209 1840 operam
1225 1771 1259 1821 ιιι
1272 1761 1325 1823 iila
1337 1765 1366 1822 in
1378 1779 1418 1841 pa·

1 1911 15 1919 .
109 1861 212 1923 rochia
235 1878 288 1933 ιιιι
308 1871 445 1923 accurate
458 1871 624 1941 exactoque
637 1871 801 1927 seruentur.
843 1862 1017 1922 Praesertim
1033 1880 1107 1923 uero
1123 1866 1312 1940 meminerit,
1335 1864 1417 1923 matri·

108 1965 207 2024 monia
220 1963 298 2024 iuter
311 1974 461 2044 mptorem
476 1973 506 2024 et
520 1972 648 2043 raptam,
664 1962 730 2024 dum
743 1965 809 2043 ipsa
824 1965 854 2022 in
869 1965 996 2042 raptoris
1011 1973 1159 2044 potestate
1177 1968 1333 2042 manserit,
1347 1967 1417 2038 inita,

109 2080 226 2126 necnon
247 2066 428 2127 claudestina
453 2074 483 2125 et
503 2065 653 2145 quaelibet
675 2066 857 2126 matrimonia
876 2083 952 2144 quae
965 2066 1054 2126 aliter
1067 2084 1153 2146 quam
1165 2076 1328 2146 praesente
1342 2083 1416 2146 paro

110 2166 185 2245 ebo,
204 2167 255 2227 nel
271 2167 329 2228 alio
344 2163 508 2228 Sacerdote
522 2167 559 2228 de
574 2168 667 2247 ipsius
681 2167 804 2247 parochi
818 2166 866 2227 uel
882 2166 1029 2229 Ordinarll
1043 2169 1180 2245 lieentia,
1204 2176 1235 2230 et
1247 2167 1364 2230 duobus
1377 2166 1416 2228 rel

109 2269 203 2330 tribus
221 2268 347 2330 testibus
371 2270 600 2345 contrabuntur,
623 2286 661 2330 ex
676 2270 768 2349 ipsius
784 2268 909 2330 Consilii
923 2270 1053 2332 decretis
1066 2272 1150 2331 irrita
1163 2270 1279 2332 omniuo
1294 2287 1330 2330 ac
1344 2269 1416 2330 uulh

111 2389 188 2464 esse.
216 2371 270 2431 Est
282 2380 378 2433 autem
392 2374 530 2452 proprius
544 2371 703 2452 parochus,
718 2373 768 2451 qui
782 2370 889 2432 adesse
902 2370 1003 2450 debet,
1017 2373 1054 2450 is,
1069 2374 1099 2433 iu
1115 2374 1197 2433 ouius
1210 2373 1352 2452 parochia
1367 2389 1414 2432 rua·

69 2528 73 2541 ,,
103 2474 277 2534 ,trimonium
305 2474 474 2536 celebratur
494 2477 559 2535 siue
577 2476 632 2533 riri
648 2474 712 2534 sive
726 2473 867 2533 mulieris.
904 2470 1017 2535 careat
1030 2483 1185 2554 praeterea
1200 2475 1366 2554 parochus,
1385 2491 1414 2534 ue

62 2645 67 2655 s
108 2575 196 2636 iacuie
210 2558 245 2636 ad
261 2576 490 2638 contrahendum
505 2577 718 2636 matrimonium
731 2574 862 2636 admittat
875 2592 969 2653 uagos
984 2585 1014 2652 et
1027 2579 1208 2657 peregrinos
1222 2579 1317 2658 etqui
1332 2580 1413 2638 incer·

108 2686 153 2737 tas
167 2675 277 2738 habeut
292 2678 395 2754 sedes,
412 2695 508 2756 neque
526 2680 595 2749 item
611 2695 682 2753 eos,
699 2678 747 2755 qui
762 2687 847 2738 autea
863 2678 1013 2756 coniugati
1027 2678 1162 2750 luerunt;
1186 2688 1219 2739 ut
1233 2689 1304 2740 suut
1318 2694 1412 2741 uxoren

108 2777 230 2837 militum
251 2778 301 2837 uel
318 2780 501 2856 captivorum
522 2776 570 2837 ιιι
593 2779 715 2839 aliorum
733 2781 782 2857 qui
802 2781 1048 2859 peregrinantum
1069 2781 1126 2841 uisi
1148 2779 1313 2859 diligenter
1330 2782 1365 2842 de
1382 2780 1412 2840 iis

108 2878 245 2939 omuibus
265 2879 341 2940 iacta
361 2880 552 2959 inquisitione
567 2889 597 2941 ιι
611 2879 694 2940 read
708 2879 893 2942 Ordiuarium
910 2880 1006 2943 delata
1019 2882 1056 2943 ab
1071 2901 1168 2962 eoque
1183 2883 1284 2945 habita
1296 2884 1333 2946 de
1351 2885 1411 2944 eius

107 2980 186 3040 modi
201 2969 378 3041 matrimonii
393 2980 562 3043 celebrandi
577 2981 708 3059 licentia,
723 3001 798 3061 quae
813 2985 906 3059 gratis
921 2984 1110 3047 coucedatur.
1130 3017 1168 3028 ·-
1187 2985 1356 3066 Antequam
1369 3001 1411 3045 nar

59 3143 63 3149 ,
107 3084 274 3144 trimonium
299 3083 505 3162 contrahatur,
525 3094 571 3145 ter
591 3103 607 3145 a
626 3087 746 3165 propria
760 3086 996 3147 contrahentium
1012 3086 1143 3167 parocho
1158 3091 1310 3149 coutinuis
1325 3087 1411 3149 diebus

106 3184 193 3259 iestis
216 3188 245 3247 in
262 3185 396 3247 Ecclesia
416 3189 495 3250 inter
506 3185 659 3249 Missurum
681 3187 825 3248 solemnia
843 3187 880 3248 ad
895 3190 988 3268 ipsius
1001 3187 1128 3250 Cuueilli
1141 3193 1361 3271 praescriptum
1373 3206 1411 3270 pu·

106 3286 186 3348 blice
208 3288 415 3366 denuntietur,
435 3292 512 3350 inter
530 3309 606 3369 quos
626 3291 840 3350 matrimonium
860 3291 899 3350 ιιι
919 3291 1160 3352 contrahendum.
1182 3323 1220 3333 -
1246 3293 1279 3353 Si
1294 3311 1368 3354 uero
1381 3290 1413 3351 ιιι

106 3398 137 3451 ιι
152 3390 256 3450 mulier
270 3392 427 3472 parochiae
441 3395 500 3452 sint
514 3391 659 3469 diversae,
674 3394 703 3451 in
719 3401 843 3471 utraque
855 3393 996 3471 parocbia
1010 3393 1080 3454 baut
1092 3393 1352 3456 denuntiationes:
1365 3393 1412 3475 qui·

106 3491 162 3554 bus
181 3493 451 3554 denuntiationibus
471 3493 576 3571 iactis,
602 3495 627 3553 ιι
648 3493 758 3554 nullum
774 3494 937 3571 legitimum
952 3504 1120 3575 opponatur
1133 3495 1378 3575 impedimentum
1388 3493 1414 3555 ιι

105 3595 338 3656 celebrationem
359 3598 535 3657 matrimonii
555 3596 742 3676 procedatur.
773 3595 833 3656 Sed
848 3598 875 3655 si
891 3597 961 3676 quid
980 3595 1095 3675 obstat,
1114 3597 1356 3676 ultraparocbas
1368 3614 1414 3660 not

105 3698 257 3778 procedat.
288 3731 325 3739 -
353 3697 464 3773 Quodsi
487 3698 644 3777 aliquando
668 3697 829 3778 probabilis
851 3698 942 3759 luerit
959 3701 1089 3779 suspicio
1103 3699 1152 3760 ιιι
1168 3699 1225 3760 alia
1239 3699 1416 3764 rationabilis

106 3818 193 3861 causa
219 3799 335 3876 subsit,
360 3800 481 3861 arbitrio
496 3799 638 3880 Episcopi
661 3801 877 3862 matrimonium
895 3800 1044 3862 malitiose
1057 3801 1192 3882 impediri
1206 3820 1323 3884 posse,
1344 3807 1417 3866 sitot

105 3905 325 3982 praecesserint
341 3902 594 3980 denuntiationes,
609 3911 679 3963 tunc
694 3903 729 3963 de
744 3903 863 3964 licentia
878 3902 1036 3980 Ordiuarii,
1052 3905 1101 3965 ιιι
1116 3923 1172 3965 uua
1186 3913 1301 3967 tantum
1316 3907 1366 3969 liat
1376 3907 1416 3967 de·

105 4006 261 4082 nuntiatio,
275 4004 324 4066 ιιι
342 4001 445 4066 saltem
460 4005 593 4086 parocho
609 4013 640 4067 et
657 4004 771 4066 duobus
788 4005 838 4066 uel
855 4004 948 4066 tribus
962 4005 1090 4066 testibus
1103 4009 1315 4088 praesentibus
1329 4009 1417 4071 matri·

104 4107 233 4167 monium
258 4107 436 4171 celebretur.
477 4107 594 4170 Deinde
614 4116 682 4169 aute
704 4107 783 4168 illius
805 4109 1104 4186 consummationem,
1129 4107 1373 4175 denuntiationes
1393 4110 1417 4171 lu

103 4204 240 4268 Ecclesia
261 4211 346 4278 liaut;
367 4221 398 4273 ut
418 4213 444 4273 si
465 4212 562 4293 aliqua
583 4211 709 4272 subsunt
729 4208 937 4291 impedimenta
951 4209 1068 4272 facilius
1081 4211 1244 4292 detegant,
1266 4215 1327 4276 nisi
1341 4214 1420 4277 aliter

104 4308 276 4371 ordinarius
297 4313 362 4390 ipse
381 4316 525 4395 expedire
548 4314 731 4375 iudicaverit.
758 4345 796 4356 —-
823 4311 882 4374 llas
904 4322 1002 4374 autem
1020 4312 1263 4400 denuntiationes
1274 4317 1420 4381 Paroohas

104 4408 206 4470 iacere
231 4428 290 4470 uon
312 4417 502 4490 aggrediatur
526 4417 582 4476 nisi
604 4416 686 4494 prius
709 4414 746 4474 de
768 4416 919 4495 utriusque
940 4416 1142 4477 contrahentis
1161 4416 1260 4478 libero
1274 4437 1421 4483 consensa

105 4508 162 4574 sibi
177 4509 255 4570 bene
269 4522 394 4576 constet.
419 4549 455 4557 -—
475 4520 506 4577 si
524 4535 597 4579 vero
612 4517 689 4578 inira
703 4516 776 4578 duos
790 4535 908 4579 menses
921 4526 991 4598 post
1003 4519 1097 4581 iactas
1110 4519 1356 4593 denuntiationes
1369 4542 1421 4585 ma·
