3060 4934
803 296 875 366 lau

183 502 310 556 tremunt
324 502 500 576 potestates,
514 491 591 554 coeli
609 489 820 571 coelorumque
833 492 959 551 uirtutes
974 506 1010 551 uc
1022 488 1109 552 beata
1122 479 1278 570 Seraphim
1290 489 1374 553 socia
1387 490 1493 551 exalta·

180 599 263 659 tione
260 590 495 672 ancetetsmm
531 592 602 656 Dum
616 594 722 675 quihus
737 600 767 655 et
782 602 898 657 nostras
912 611 1004 699 voces
1017 602 1049 655 ut
1061 592 1173 655 admitti
1187 594 1292 656 iubens
1305 592 1494 675 deprecantur

180 686 307 781 supplici
326 699 518 763 confessione
533 697 684 811 dicentes:
710 697 742 757 S.

656 867 713 929 De
732 875 864 929 sanctu
890 865 1024 929 Cruce.

283 1005 364 1067 Vere
375 1006 495 1085 dignum
508 1015 538 1067 et
551 999 657 1066 iu'stum
673 1013 729 1082 est,
743 1022 867 1083 aequum
884 1011 913 1063 et
928 1001 1132 1080 salutaremus
1145 1001 1333 1084 tritiscmper
1345 1012 1377 1065 et
1389 990 1503 1085 ultipne‘

96 1140 99 1144 ·
180 1110 290 1186 gratias
308 1127 418 1188 agere,
442 1111 568 1170 Domine
584 1115 704 1184 sancte,
726 1107 812 1166 Pater
834 1107 1033 1185 omnipotens,
1053 1114 1175 1166 aeterne
1195 1105 1277 1166 Deus
1302 1106 1355 1186 qni
1373 1105 1493 1167 sulutem

180 1211 296 1271 inmani
311 1214 432 1288 generis
448 1212 477 1272 in
496 1211 578 1288 ligno
598 1210 694 1270 crucis
714 1208 911 1285 constituisti,
936 1216 968 1267 nt
983 1204 1061 1267 uude
1075 1225 1154 1269 mors
1173 1207 1326 1271 oriebatur
1345 1207 1415 1271 intle
1436 1208 1493 1268 uita

180 1322 366 1389 resurgeret:
394 1322 424 1374 et
446 1316 495 1393 qni
510 1316 541 1373 in
554 1312 637 1389 ligno
650 1311 797 1387 vincebat,
811 1311 841 1370 iu
855 1309 938 1400 ligno
953 1311 1264 1392 quoquevmeeretur,
1284 1328 1340 1392 per
1355 1310 1496 1375 christun

180 1413 335 1474 Dominum
349 1424 491 1494 nostrum,
506 1430 661 1497 perquem
675 1415 865 1475 maiestatem.

562 1584 601 1648 ln
624 1584 935 1646 Resurrectione
956 1564 1118 1646 Domini.

232 1724 236 1741 ¹
280 1721 360 1784 Vere
374 1723 493 1800 dignum
508 1733 538 1784 et
553 1724 658 1785 iustum
673 1730 731 1802 cst,
746 1738 870 1801 aequum
885 1728 914 1780 et
929 1718 1067 1797 salutare,
1080 1728 1111 1780 te
1125 1719 1242 1800 quidem
1256 1718 1336 1782 omni
1351 1720 1494 1803 tenrp'cre,

180 1822 275 1885 sedin
291 1825 346 1886 hac
359 1828 542 1906 potissimum
558 1826 606 1887 die
620 1826 782 1903 gloriosius
797 1823 979 1904 praedicare,
987 1821 1172 1884 cuml‘ascha
1186 1832 1317 1884 nostrum
1333 1824 1496 1887 immolatus

181 1934 226 1985 est
235 1925 380 1988 Christus.
400 1927 469 2008 lpse
483 1931 560 1989 euim
574 1947 662 1988 verus
677 1936 723 1987 est
737 1944 841 2003 agnus,
851 1927 899 2006 qui
915 1925 1036 1986 abstulit
1049 1934 1172 2006 peccata
1186 1925 1297 2013 muntii,
1307 1910 1495 2007 qni'morten

74 2102 82 2111 η
165 2037 307 2088 nostram
330 2031 482 2090 moriendo
497 2030 642 2091 destruxit
657 2038 687 2089 et
707 2031 795 2089 vitum
810 2026 996 2107 resurgendo
1010 2027 1167 2109 reparavit
1200 2026 1241 2090 Et
1255 2028 1336 2091 ideo.
1391 2032 1397 2043 ’

544 2161 551 2177 ⁸
588 2198 627 2260 ln
653 2200 900 2261 Ascensione
926 2199 1088 2263 Domini.

282 2332 362 2395 Vere
371 2334 491 2414 (lignum
505 2344 535 2396 et
550 2336 656 2396 iustum
670 2344 726 2413 est,
737 2330 860 2416 aequum
876 2344 905 2396 et
919 2336 1058 2415 salutare,
1073 2354 1127 2398 uos
1141 2336 1330 2419 tibisemper
1343 2336 1499 2419 stultique

82 2442 87 2450 '
179 2437 290 2515 gratias
304 2455 406 2517 agere
422 2439 548 2500 Domine
564 2448 684 2523 sancte,
703 2438 791 2499 Patcr
810 2441 1013 2518 omnipotens,
1028 2448 1150 2500 aeterne
1162 2440 1258 2512 Dens·
1279 2423 1497 2520 perobtistum

178 2538 332 2601 Dominum
361 2552 510 2620 nostrum,
539 2543 587 2622 qui
608 2550 677 2623 post
696 2541 957 2603 Resurrectionem
982 2558 1064 2603 suam
1091 2541 1226 2603 omnibus
1254 2541 1411 2624 discipulis
1435 2542 1497 2603 suis

155 2640 160 2645 '
178 2644 349 2704 manifestus
367 2647 502 2725 apparuit
509 2647 568 2705 ‘'et
558 2646 632 2725 rpsis
648 2645 837 2705 cernentibus
859 2653 904 2704 cst
918 2643 1078 2706 elevatus
1069 2664 1099 2707 ru
1113 2640 1246 2723 coelt'snr,
1266 2654 1301 2707 ut
1318 2662 1378 2708 not
1391 2643 1497 2707 diviui-
1515 2719 1521 2729 ·

42 2788 49 2802 .
178 2745 246 2803 tatis
260 2762 331 2806 suae
348 2746 494 2820 tribueret
508 2763 575 2806 esse
590 2745 760 2825 participes.
798 2745 835 2806 ΕΙ
852 2746 931 2807 ideo

629 2916 670 2976 lu
699 2916 759 2978 die
782 2918 1048 2979 Pentecosten
1063 2895 1072 2913 ⁹

280 3049 359 3110 Vere
373 3049 494 3128 dignum
509 3059 538 3112 et
554 3051 658 3112 iustum
675 3061 731 3130 est,
741 3068 864 3133 aequum
880 3022 911 3114 ci
925 3053 1125 3133 salutaremus
1139 3052 1326 3134 tiblsemper
1340 3055 1496 3138 etultiquc

180 3150 288 3225 gratias
306 3170 407 3232 agere,
422 3150 548 3216 Domino
561 3166 672 3233 sancte,
688 3156 776 3217 Pater
789 3158 992 3238 omnipotens,
1012 3167 1135 3218 aeterne
1148 3156 1244 3234 Deus,
1268 3174 1325 3237 per
1345 3156 1494 3220 christum

104 3260 107 3267 '
140 3306 148 3318 ,
178 3249 332 3325 Dominum
350 3266 497 3335 nostrum,
514 3259 563 3337 qui
578 3244 741 3319 ascendens
757 3277 847 3339 super
862 3278 970 3327 omncs
983 3260 1101 3336 coelos,
1116 3259 1289 3340 sedensque
1304 3258 1343 3320 stl
1360 3260 1494 3323 ‹lextrnm

178 3360 256 3413 tuam
281 3360 454 3433 promissum
473 3361 613 3439 Spiritum
633 3360 771 3421 Sanctum
792 3362 933 3423 hodierna
960 3361 1008 3422 ‹lie
1031 3363 1060 3421 in
1090 3362 1168 3424 lilios
1191 3354 1399 3450 adoptionis
1381 3362 1489 3425 effudit.

178 3454 367 3537 Quapropter
380 3462 509 3553 profusus
524 3462 656 3541 gaudus
677 3464 783 3523 totus
775 3482 803 3525 ιιι
825 3465 899 3525 orbe
922 3473 1064 3525 terrarum
1083 3463 1348 3527 mundusexultst
1389 3464 1518 3553 Satist,

176 3576 324 3639 supernae
336 3561 472 3642 virtutes,
486 3574 575 3644 atque
589 3565 741 3644 angelicae
759 3574 924 3648 potestates
943 3566 1080 3645 hymnum
1100 3566 1217 3646 gloriae
1236 3576 1305 3630 tuse
1324 3570 1494 3648 concinunt,

176 3662 243 3724 sine
245 3660 314 3723 line
321 3642 476 3727 dicentes.
503 3658 535 3729 S.

552 3840 608 3911 De
631 3844 882 3971 sanctissima
907 3839 1111 3906 'lrinitate
1141 3920 1147 3931 .

276 3965 356 4033 Vcr'e
370 3962 488 4052 dignum
504 3983 533 4034 et
547 3978 653 4039 iustum
668 3987 713 4040 est
714 3952 857 4060 ,acquum
872 3987 902 4041 et
915 3980 1055 4058 salutare,
1064 3998 1120 4041 uos
1134 3964 1370 4062 libiscuaporat
1381 3979 1492 4063 ultique

137 4132 145 4145 ,
176 4071 285 4148 gratias
299 4093 400 4154 agere,
418 4076 543 4137 Domine
558 4090 682 4159 sancte,·
689 4081 775 4144 Pater
785 4085 989 4189 omnipotens,
1009 4090 1132 4146 aeterne
1150 4083 1230 4144 Deus
1240 4084 1318 4165 ,qui
1341 4102 1409 4148 cunt
1428 4084 1488 4145 uni·

175 4174 278 4249 genito
292 4176 367 4240 Filio
389 4189 439 4241 tuo
462 4188 491 4240 et
509 4180 620 4260 Spiritu
635 4184 744 4246 Sancto
766 4203 840 4247 unus
861 4203 893 4247 es
888 4162 1014 4264 Deos,
1034 4203 1107 4246 unus
1130 4203 1162 4246 es
1183 4185 1345 4266 Dominus,
1373 4204 1435 4251 nott
1459 4187 1488 4247 io

174 4276 259 4337 unius
273 4279 477 4355 singularitate
498 4300 662 4363 personae,
684 4287 770 4348 sed
762 4307 790 4347 m
813 4290 897 4350 iunius
917 4286 1060 4350 Trinitate
1081 4287 1272 4354 substantiae.
1309 4288 1488 4367 Quotlenim

72 4422 77 4431 .
138 4420 141 4427 ,
175 4372 211 4436 dc
225 4385 273 4438 tua
287 4379 396 4459 gloria,
411 4384 563 4449 revelante
577 4398 619 4467 to,
640 4386 799 4466 credimus,
816 4390 874 4452 lroc
892 4389 928 4453 (le
943 4390 1020 4454 Ftlto
1037 4399 1099 4470 tao,
1119 4391 1177 4452 hoc
1196 4389 1234 4453 tle
1248 4392 1361 4474 Spiritu
1379 4394 1488 4455 Sancto

174 4476 239 4537 stne
252 4477 416 4553 differentia
431 4481 619 4550 discretionis
633 4489 785 4551 sentimus.
819 4491 880 4553 Ut
871 4512 901 4552 ιιι
917 4494 1108 4563 confessione
1123 4511 1215 4556 uerae
1231 4495 1490 4578 sempiternasque

174 4576 291 4644 deitatis
307 4584 360 4644 et
351 4603 380 4647 ιιι
391 4588 530 4669 personis
545 4591 711 4670 proprietas
732 4595 790 4653 et
781 4613 810 4655 m
831 4595 958 4657 esscntia
973 4599 1068 4711 unitus
1088 4604 1118 4659 et
1137 4596 1168 4659 iu
1183 4598 1337 4663 maiestate
1349 4598 1491 4665 atlortttur
