3046 4942
731 325 807 396 380

212 516 250 578 Ut
271 525 340 578 toto·
357 513 447 579 corde
468 513 573 594 diligat
587 524 618 576 et
632 518 757 577 maxime
771 515 897 594 diligere
911 517 1009 596 cupiat
1021 517 1180 578 Dominum
1193 517 1290 580 Deum
1306 538 1340 580 ea
1355 521 1415 582 dile·

111 621 221 698 ctione,
237 636 292 699 qua
309 617 530 695 ttlumdutgum
545 616 627 679 Beati
641 619 800 698 Sanctique
816 636 928 680 omues.

212 720 250 782 Ut
262 720 301 784 ob
314 738 443 782 amorem
458 719 514 779 Dei
529 719 628 781 doleat
642 738 680 780 ex
695 720 786 807 corde
800 720 837 781 de
851 723 930 782 omni
945 719 1073 797 offensa,
1088 720 1343 804 qualitercumque
1357 743 1415 785 coe·

1 858 3 863 ·
110 837 153 888 tra
167 824 323 885 Dominum
337 822 431 882 Deum
450 831 479 882 et
493 823 657 901 proximum
672 824 837 883 commissa.

211 926 250 987 Ut
265 944 304 987 ex
319 923 409 985 corde
424 924 462 984 ob
481 942 609 985 amorem
626 923 682 984 Dei
698 934 799 1005 pareat
812 923 967 1002 omnibus,
990 924 1038 1002 qui
1052 924 1108 984 sibi
1124 943 1247 1006 qaoque
1261 927 1349 988 modo
1363 928 1413 989 iae

111 1031 169 1091 rint
182 1027 299 1090 molesti
314 1036 363 1089 aut
378 1027 509 1087 inimici·

211 1130 251 1192 Ut
265 1130 350 1191 abiis
369 1128 484 1189 veniam
499 1127 640 1206 postulet,
657 1144 732 1205 quos
747 1125 902 1206 aliquando
919 1125 1004 1186 dictis
1017 1137 1067 1187 aut
1080 1126 1165 1187 iactis
1180 1126 1316 1190 ellendit.

212 1232 250 1293 Ut
271 1249 358 1313 quern
376 1232 485 1310 patitur
499 1229 631 1290 dolorem
647 1237 677 1289 et
690 1228 785 1289 morbi
798 1227 960 1288 molestiam
976 1238 1099 1308 propter
1113 1229 1208 1290 Deum
1227 1232 1258 1291 iu
1274 1234 1412 1312 poeniteu-

109 1337 176 1395 tiam
191 1342 381 1416 peccatoram
395 1350 515 1393 suonam
529 1333 678 1411 patienter
696 1329 815 1392 toleret.

212 1435 249 1496 Ut
273 1436 297 1496 si
312 1434 456 1496 Dominus
477 1434 533 1495 sibi
554 1433 676 1493 salutem
693 1432 828 1512 eorporis
844 1440 996 1512 praestare
1010 1431 1199 1509 dignabitur,
1221 1445 1369 1516 proponat
1383 1437 1411 1497 ds

110 1546 211 1599 cetero
227 1556 281 1618 pro
296 1537 408 1597 viribus
423 1539 484 1597 suis
498 1555 513 1596 a
529 1536 660 1616 peccatis
674 1553 781 1595 cavere
794 1542 824 1595 et
843 1536 906 1596 eius
921 1533 1053 1595 inundata
1067 1550 1198 1594 servare.

86 1659 90 1665 ·
211 1638 353 1700 Hortatur
374 1648 530 1716 praeterea
551 1647 581 1697 ut
602 1654 638 1697 eo
654 1636 741 1698 modo
757 1655 814 1717 quo
830 1644 929 1717 potest
944 1635 1046 1696 saltem
1062 1653 1099 1696 er
1114 1637 1206 1696 corde
1222 1638 1264 1699 ita
1274 1656 1329 1718 per
1337 1642 1408 1700 inter·

108 1742 185 1807 valla
204 1725 401 1827 precetur:²)

210 1831 379 1906 Miserere
400 1835 467 1903 mei
489 1831 586 1902 Deus
609 1830 796 1904 secundum
818 1852 975 1923 magnam
998 1828 1271 1902 misericordiam
1293 1843 1386 1905 tuam.

211 1934 252 2005 ln
273 1946 306 2006 te
326 1933 474 2006 Domine
496 1936 655 2028 speravi,
682 1954 752 2004 non
775 1932 965 2005 confundar
992 1935 1025 2003 in
1052 1941 1241 2002 aetornum.

211 2035 251 2106 In
277 2057 395 2108 manus
418 2046 512 2120 tuas,
533 2033 694 2120 Domine⁷
721 2034 922 2106 commendo
949 2035 1101 2131 spiritum
1123 2055 1257 2105 meam:
1280 2038 1410 2110 redeni-

109 2143 151 2212 sti
178 2159 232 2207 me
258 2137 404 2206 Domine
431 2135 526 2206 Deus
547 2138 710 2207 veritalis.
722 2132 754 2231 ¹)

212 2236 344 2308 Deus
334 2258 370 2306 ιιι
396 2235 648 2306 adiutorium
626 2257 739 2306 meum
751 2236 918 2327 intende,
951 2232 1098 2308 Domine
1125 2238 1169 2308 nd
1195 2237 1409 2314 adiuvandum

3 2354 9 2360 '
109 2363 162 2412 ane
184 2339 317 2412 iestina.

211 2439 296 2515 Esto
323 2439 403 2510 mihi
429 2438 612 2510 Domine
602 2462 638 2510 ιιι
656 2438 767 2511 Deum
793 2449 1034 2534 protectorem.
1132 2521 1137 2528 ,

209 2544 306 2617 Deus
328 2543 495 2638 propitius
518 2553 592 2614 esto
614 2542 694 2612 milui
721 2544 906 2638 peccatori.

211 2646 418 2718 Dulcissimo
444 2643 592 2714 Domine
618 2643 697 2717 lesu
725 2641 878 2733 Christe,
906 2664 969 2738 per
998 2645 1157 2738 virtutem
1186 2648 1410 2720 sanctissimae

109 2748 283 2820 Passionis
308 2755 388 2815 tuac
411 2748 528 2838 recipe
556 2767 610 2814 me
637 2748 670 2815 in
693 2767 871 2815 numerum
894 2745 1083 2816 electorum
1109 2753 1257 2818 tuorum.

210 2847 357 2918 Domine
380 2843 459 2915 iesu
482 2841 633 2933 Christe,
656 2848 793 2942 suscipe
813 2849 966 2942 spiritum
986 2866 1108 2916 meum.

210 2945 319 3018 Maria
346 2956 455 3016 mater
481 2950 631 3038 gratiae,
653 2960 761 3018 mater
789 2946 1065 3036 misericordiae,
1088 2947 1140 3017 Ta
1164 2969 1230 3022 nos
1254 2950 1297 3022 ab
1325 2953 1410 3024 hoste

107 3060 254 3146 protege
277 3046 321 3119 Et
347 3047 432 3118 hora
457 3052 577 3121 mortis
604 3052 750 3145 suscipe.

209 3150 337 3224 Sancte
357 3149 496 3242 Angelc
515 3150 601 3241 Dei,
628 3152 709 3223 mihi
732 3162 848 3224 custos
871 3153 1003 3224 assiste.

210 3251 337 3324 Omnes
360 3255 467 3325 sancti
493 3253 620 3346 Augeli
646 3263 680 3325 et
708 3274 825 3327 omues
848 3245 977 3324 Sancti
991 3251 1192 3332 intercedite
1213 3276 1280 3350 pro
1308 3264 1409 3327 meet

107 3354 187 3427 mihi
205 3356 407 3430 succurrite.

391 3519 508 3594 Ordo
532 3524 918 3597 commendationis
940 3525 1129 3595 Animae.

206 3668 356 3731 Perochus
370 3666 407 3728 ad
422 3665 593 3728 decedentis
606 3671 719 3730 animae
734 3668 1017 3730 commendationem
1028 3667 1185 3745 accedens,
1202 3667 1354 3732 clerico·
1365 3666 1409 3730 sal·

105 3782 163 3833 tem
178 3791 282 3850 unum,
297 3770 323 3829 si
334 3776 434 3849 potest
451 3787 551 3829 secoro
565 3769 687 3848 habeat,
703 3773 752 3851 qui
770 3771 884 3832 deierat
899 3770 1048 3831 vasculum
1064 3787 1156 3850 aquae
1170 3770 1363 3852 benedictae,
1373 3789 1411 3833 su·

105 3873 318 3952 perpelliceutn
333 3880 364 3932 et
378 3869 481 3932 stolam
496 3870 674 3950 violaceam,
691 3873 797 3953 quibus
811 3875 867 3953 ipsi
883 3873 1030 3934 Sacerdos
1044 3881 1112 3933 aute
1125 3871 1240 3937 lniirmi
1257 3875 1413 3939 cubiculum

104 3971 239 4052 indutus,
260 3976 357 4036 locum
371 3972 545 4050 ingrediens
560 3974 650 4036 dicat:
673 3966 749 4038 Pax
770 3966 850 4039 huic
871 3965 985 4038 domui
1006 3975 1040 4037 et
1062 3963 1220 4039 omnibus
1245 3966 1413 4041 habitanti-

101 4059 167 4135 bus
184 4067 218 4134 in
236 4087 286 4137 ea.
317 4075 434 4137 Deinde
447 4085 586 4156 aspergat
597 4087 744 4157 agrotum,
758 4079 866 4140 lectum
880 4086 910 4139 et
923 4079 1146 4140 circumstantes
1160 4095 1239 4158 aqua
1254 4080 1412 4152 benedicta,

104 4171 219 4235 dicens:
245 4166 425 4261 Asperges
445 4190 500 4240 me
520 4178 585 4240 ele.

107 4325 306 4342 ξ-

169 4407 326 4484 Ducenda
340 4419 485 4479 ilonsater.
504 4425 571 4480 1713
584 4423 751 4495 prolixiores
766 4421 907 4480 ortuense
922 4425 1045 4482 continet
1059 4425 1094 4482 ad
1109 4425 1198 4483 lesam
1213 4397 1368 4497 Daristurr,
1382 4419 1411 4480 sl

102 4490 130 4547 S.
146 4489 319 4569 ιιὶοιιιοιιιιιι,
335 4501 369 4558 ad
383 4505 656 4578 reliquosdngelos‚
673 4506 707 4562 sd
721 4506 769 4562 SS.
784 4506 930 4568 Patrouos

153 4568 194 4650 2)
208 4574 348 4639 annorum
360 4586 546 4690 moribundum
560 4590 628 4648 haec
638 4591 723 4649 verba
736 4590 782 4666 pie
796 4597 877 4668 atque
888 4592 989 4652 deame
1000 4554 1135 4654 recitasse
1146 4594 1284 4653 ιιοιιιιοι
1293 4595 1372 4667 tagit
