3060 4934
805 288 880 360 394

186 462 460 570 ριιιιίι,ἰιιιί[ιιιι
480 483 565 545 llexls
587 500 684 545 coram
698 482 801 545 Altare
816 477 935 556 dicens}
960 471 1131 549 Memebio
1153 473 1259 546 homo
1283 475 1365 569 quia
1388 474 1489 573 pulvis

187 605 225 656 es
252 591 287 652 et
310 583 345 650 iu
371 578 550 675 pulverem
575 576 773 650 reveneris.
784 574 816 675 1)
849 605 851 608 ⁴

286 693 394 754 Postea
409 691 531 769 veniunt
544 688 610 765 alii,
632 691 725 769 primo
741 688 846 751 Oleros
861 708 915 769 per
930 689 1082 765 ordinem,
1104 686 1211 750 delude
1225 687 1355 770 populea
1367 696 1398 759 et
1413 691 1486 766 gani·

185 796 245 858 bns
254 790 340 855 flexis
352 801 420 855 ente
433 792 526 854 altare
538 791 704 870 singulatim
720 793 866 872 accipiunt
879 794 997 853 cineres
1012 811 1029 853 a
1042 790 1220 870 sacerdote,
1235 801 1268 852 ct
1282 789 1385 852 dictam
1398 800 1441 854 est
1452 791 1486 853 dc

186 899 337 960 ministris.
381 894 533 976 Completa
548 896 679 955 cinerum
693 895 881 974 impositione
895 894 1042 959 Sacerdos
1057 892 1140 955 dicit:

287 989 453 1061 Dominus
473 987 661 1060 vobiscum.
710 985 864 1060 Oremus.
910 985 1073 1059 Concede
1097 985 1197 1059 nobis
1223 985 1374 1057 Domina
1395 1007 1484 1082 prae
1529 1015 1530 1022 ¹

186 1093 271 1168 sidia
296 1092 436 1163 militiae
458 1088 669 1163 Christianae
688 1091 813 1162 sanctis
836 1088 1001 1162 inchoare
1022 1090 1173 1165 ieiuniis=
1197 1098 1377 1162 utcontra
1400 1091 1484 1185 spiri·

186 1196 275 1267 tales
297 1195 465 1393 nequitipp
489 1194 690 1289 pugnaturi,
724 1194 952 1265 continentiae
978 1193 1167 1263 muniamur
1192 1190 1342 1265 auxiliis.
1386 1199 1483 1263 lietab

168 1308 294 1369 *dicitur
311 1306 409 1365 missa.

187 1421 395 1434 ——na-——fi

260 1467 289 1544 1)
304 1469 331 1525 S.
347 1466 461 1523 Carolus
476 1465 625 1522 Borornens
639 1462 690 1518 bes
706 1462 845 1535 praedicet
861 1463 1043 1520 caerimoniae
1060 1463 1162 1520 lrnctns
1177 1459 1206 1537 l)
1220 1464 1257 1522 ct
1271 1461 1381 1538 ildeles,
1397 1462 1437 1537 qai
1448 1480 1484 1521 sa·
1529 1450 1530 1533 l

188 1568 237 1609 cro
252 1554 344 1609 cinere
359 1558 555 1624 asperguntur,
571 1548 605 1604 ad
619 1547 737 1603 intimam
751 1549 844 1606 cordis
859 1549 1033 1607 bumilitatem
1048 1548 1216 1606 adorentur.
1248 1548 1279 1618 2)
1292 1548 1330 1606 tta
1344 1549 1373 1604 in
1386 1565 1433 1605 eos
1446 1549 1484 1604 be
1529 1568 1530 1573 ¹

187 1637 307 1695 nedictio
323 1636 453 1694 coelestis
468 1633 633 1703 descendat,
655 1650 707 1705 que
724 1633 808 1691 adiuti
823 1651 888 1690 uere
902 1634 1048 1710 intimaque
1066 1640 1126 1691 toto
1141 1632 1230 1689 animo
1245 1641 1363 1705 peccata
1378 1634 1484 1691 doleant:
1526 1640 1529 1645 '

186 1724 241 1780 boc
256 1729 344 1780 mente
359 1739 451 1778 secum
464 1728 631 1793 reputantes,
650 1718 684 1773 ob
699 1718 815 1781 hominis
830 1727 970 1792 peccatum
986 1728 1086 1776 terrarn
1100 1717 1271 1774 maledictam
1285 1718 1382 1790 inisse,
1398 1734 1484 1792 aerque

187 1825 281 1865 omnes
295 1807 322 1865 in
334 1794 461 1863 cinerem
470 1822 502 1861 ac
514 1814 613 1861 terram
627 1803 774 1863 redituros.
802 1801 834 1882 3)
847 1803 879 1861 Ut
890 1802 966 1860 delur
978 1805 1103 1878 corporis
1115 1802 1242 1859 valetudo
1258 1802 1293 1858 ad
1307 1803 1485 1876 poenitentiae

186 1901 360 1965 peccatorum
375 1890 568 1964 peragendam.
597 1885 626 1962 5)
641 1886 674 1944 Ut
685 1904 700 1942 a
713 1887 766 1943 deo
780 1887 966 1961 impetremus,
984 1904 1054 1962 quae
1072 1887 1107 1944 ed
1117 1886 1188 1945 illics
1201 1887 1485 1962 volontatempetiraus

187 1979 218 2051 li)
233 1979 269 2034 Ut
277 1976 413 2034 constanti
428 1976 516 2031 animo
530 1974 558 2030 in
572 1973 642 2028 bene
657 1972 766 2040 egendo
781 1990 1012 2044 perserveremus.
1029 1972 1166 2032 llardoini.
1181 1972 1251 2029 Ooll.
1270 1973 1379 2030 Ooncil.
1391 1974 1423 2030 X.
1436 1973 1485 2029 stt

259 2058 290 2136 i)
312 2060 408 2117 Veniat
429 2059 496 2114 ritus
518 2058 546 2113 ia
562 2056 650 2112 multis
665 2056 817 2112 blisselibus
832 2065 859 2113 et
874 2059 1021 2115 liitualibus
1038 2057 1189 2129 iisdemque
1204 2059 1414 2120 recentioribus.
1444 2058 1486 2114 iic

188 2145 288 2203 nedict.
318 2142 541 2200 Constantiacas:
569 2139 741 2196 Adiutorium
764 2147 884 2196 nostrum
907 2150 960 2198 etc.
996 2143 1125 2200 Dominus
1150 2142 1292 2199 vobiscum
1315 2150 1367 2201 alc.
1408 2142 1485 2198 ilxor·

189 2229 250 2287 cicc
272 2237 299 2285 te
320 2227 387 2284 ciuis
407 2227 435 2282 in
456 2225 564 2282 nominc
586 2232 638 2280 etc.
678 2224 854 2296 Omnipotens
874 2225 1121 2299 sempiterneDcus
1142 2243 1226 2301 parce
1249 2228 1423 2285 metuentibus
1439 2235 1486 2283 etc.

187 2315 261 2372 Deus
278 2312 324 2387 qui
339 2328 392 2369 nou
408 2317 521 2367 mortem
537 2316 589 2365 etc.
619 2309 692 2365 Dens
707 2309 751 2382 qui
768 2309 953 2367 humiliatione
968 2311 1088 2370 flecteris
1107 2319 1158 2369 etc.
1189 2310 1295 2369 Exaudi
1310 2329 1361 2369 nos
1372 2313 1486 2379 bonus,

189 2399 315 2473 qnoniam
333 2397 451 2469 benigna
475 2404 518 2453 est
539 2393 725 2451 misericordia
748 2403 792 2451 tua
816 2400 869 2455 etc.
904 2396 1033 2453 concede
1055 2397 1136 2454 nebia
1150 2411 1314 2469 quaesumus
1329 2399 1486 2470 omnipotens

186 2487 259 2543 Deus
274 2492 327 2540 etc.
358 2482 405 2562 (Α.
420 2480 649 2556 spirituales)
664 2481 739 2536 iuxta
755 2481 916 2537 vestibulum
931 2488 984 2537 ete.
1011 2481 1145 2539 blemento
1160 2482 1242 2539 homo
1258 2482 1332 2555 quod
1347 2483 1414 2541 cinis
1426 2485 1486 2539 asel

187 2571 216 2627 in
237 2569 356 2627 cinerem
379 2567 537 2624 reuerteris.
568 2568 736 2622 lmmotemor
755 2566 846 2622 babitu
862 2572 914 2622 etc.
943 2566 1121 2625 Emendemos
1135 2566 1163 2622 in
1178 2568 1273 2624 melius
1288 2574 1343 2628 ete.
1373 2567 1485 2626 Litanire.

189 2656 364 2727 Omnipotens
380 2651 544 2724 sempiterne
557 2651 627 2706 Deus
642 2649 817 2721 quiliiuirilis
832 2656 884 2705 etc.
914 2650 1059 2708 blissale
1075 2653 1247 2708 lietensc:
1263 2653 1393 2709 Dominus
1407 2652 1485 2710 vebis·

68 2756 76 2766 “
189 2744 315 2796 corneto.
345 2735 475 2806 lleusqui
491 2745 544 2790 non
560 2740 741 2790 mortemetc.
772 2733 947 2805 Omnipotens
963 2735 1129 2808 sempiterne
1140 2736 1210 2791 Deos
1226 2737 1272 2810 qui
1286 2737 1428 2795 misereris
1440 2753 1485 2792 on·

189 2822 260 2877 nium
275 2827 326 2876 ete.
352 2820 485 2874 blemento
499 2819 581 2873 borno
597 2818 656 2889 quia
672 2817 760 2889 pulvis
775 2834 805 2874 es
820 2825 872 2877 etc.
895 2817 1000 2893 Exaudi
1012 2835 1063 2878 nos
1077 2819 1203 2895 quoniam
1217 2821 1340 2893 oeatgm
1351 2830 1406 2881 ete.
1426 2823 1484 2879 Dens

72 2909 76 2919 '
191 2905 235 2978 qai
249 2903 396 2960 bumilitate
411 2909 465 2958 etc.
479 2928 522 2944 ω
534 2903 626 2961 Finem
643 2903 723 2958 iaciat
737 2903 799 2957 buic
813 2903 895 2975 capiti
912 2905 989 2961 locus
1004 2906 1117 2977 tudem,
1139 2922 1218 2978 quern
1233 2907 1305 2963 baud
1323 2908 1441 2981 ineptum
1453 2903 1484 2960 rel

190 2990 307 3061 iniquum
324 2989 490 3061 antiquitatis
503 2987 617 3045 iudicem
637 2987 751 3044 dixeris:
768 2988 831 3044 Dies
846 2988 983 3060 cinerum,
1000 3008 1079 3062 qoem
1092 2992 1139 3064 pia
1153 2991 1298 3064 antiquitas
1313 2999 1396 3066 capot
1411 2987 1485 3050 ieiuni

192 3074 358 3144 nominavit,
380 3072 488 3129 utilibus
509 3072 671 3129 lectionibus
686 3079 714 3128 et
729 3073 915 3143 cautionibus,
942 3091 1008 3147 quas
1022 3077 1124 3134 bitania
1139 3077 1198 3133 sive
1213 3077 1353 3150 supplices
1368 3077 1485 3135 ecclesiia

192 3175 290 3231 preces
303 3164 469 3231 exceperunt
475 3200 482 3228 ,
500 3157 604 3214 dicatus
619 3159 676 3215 luit.
706 3157 740 3213 Et
754 3158 898 3229 praecipue
914 3158 1056 3217 Christiani
1072 3162 1136 3219 olim
1150 3161 1203 3218 boc
1220 3160 1295 3219 dica
1311 3162 1485 3220 sacerdotiis

193 3252 355 3300 consecrato
370 3241 462 3299 cinere
478 3244 582 3315 aspersi
596 3251 658 3299 sont
675 3243 779 3298 verbis:
793 3244 927 3299 Memento
943 3246 1026 3302 borno
1039 3246 1100 3318 quia
1119 3247 1187 3303 ciuis
1202 3263 1232 3303 es
1248 3253 1302 3305 etc.
1330 3247 1432 3304 Verum
1442 3260 1486 3302 cun

192 3327 300 3384 tandem
314 3344 382 3384 rena
397 3327 553 3400 superstitio
570 3335 597 3383 et
614 3329 710 3384 abusos
725 3328 751 3383 in
766 3328 897 3384 ecclesias
912 3330 1049 3401 paullatim
1064 3331 1233 3405 irreperent,
1256 3332 1311 3402 iia,
1326 3340 1356 3390 ot
1371 3348 1437 3389 uero
1451 3345 1486 3387 usa

194 3414 311 3482 sublato,
326 3413 433 3485 ineptae
446 3420 472 3468 et
488 3410 607 3468 ludicrae
623 3413 841 3482 caerimoniolae‚
854 3415 946 3485 quales
958 3423 1019 3471 sunl
1030 3416 1130 3473 ciceris
1142 3418 1318 3473 consecratio
1330 3425 1359 3474 et
1370 3419 1423 3474 veli
1434 3431 1486 3490 qur·

193 3497 399 3570 dragesimalis,
414 3497 486 3569 quod
500 3497 628 3554 Ieiunium
643 3497 830 3571 appellabant,
848 3500 990 3570 suspensio
1006 3501 1105 3573 primas
1120 3502 1233 3570 renent,
1245 3518 1305 3558 uon
1322 3503 1453 3559 immerito
1465 3499 1486 3554 in

193 3584 342 3641 clarissima
364 3581 504 3651 Evangelii
525 3581 586 3637 luce
606 3583 675 3638 istae
694 3582 810 3654 ineptiae
831 3582 924 3639 valore
944 3585 1038 3642 iussae
1052 3592 1131 3655 sont,
1155 3586 1269 3643 retentis
1290 3588 1486 3645 cautionibost

193 3671 281 3742 prisca
302 3667 418 3740 puritate
440 3683 492 3722 non
508 3666 620 3737 alienis,
642 3682 708 3740 quas
724 3668 803 3722 etiarn
820 3667 955 3724 subiicere
970 3670 1078 3741 placuit.
1109 3671 1195 3729 Porro
1211 3672 1244 3726 ab
1260 3672 1316 3728 boc
1331 3680 1448 3745 tempere
1460 3682 1488 3725 ex

194 3753 380 3812 ecclesiastice
395 3751 563 3807 institutione
578 3768 663 3824 usque
678 3751 712 3806 ad
727 3753 891 3808 Dominieam
908 3753 1108 3813 blisericordies
1122 3754 1229 3812 Domini
1243 3756 1375 3815 inclusive
1389 3757 1488 3829 nuptiis

195 3847 223 3896 et
244 3837 373 3908 coniugia
389 3836 539 3893 intermissa
555 3845 649 3905 erant,
670 3837 778 3906 Organa
796 3853 902 3910 queque
913 3855 984 3911 quae
999 3841 1100 3913 alioqui
1116 3841 1194 3897 iestis
1209 3851 1344 3899 resonant
1363 3843 1398 3901 ad
1412 3855 1487 3905 sacra,

71 3939 84 3964 ·
195 3924 290 3980 diebus
302 3929 385 3994 usquc
397 3920 431 3976 ed
446 3920 590 3998 Sublicium
601 3928 720 3976 sanctum
729 3923 858 3992 Paschae,
868 3932 983 3997 excepto
992 3931 1079 3981 minen
1087 3924 1387 3987 iesloAnnuntiationia
1395 3925 1488 3991 asum

194 4007 332 4065 siluerunt.
365 4006 451 4078 quue
467 4000 615 4059 'etiamnum
638 4005 719 4062 bodie
735 4009 824 4064 multis
839 4007 866 4062 in
881 4006 950 4065 locis
965 4025 1018 4065 nen
1032 4011 1091 4067 sine
1105 4009 1183 4066 laude
1198 4012 1375 4074 observatur.
1405 4012 1488 4070 vana

194 4092 269 4149 multi
283 4090 412 4164 torpidnli
428 4097 456 4147 et
470 4089 642 4160 negligentes
657 4098 797 4163 pastores,
813 4093 857 4164 qui
872 4093 905 4149 iis
919 4095 1024 4164 saltem,
1039 4112 1108 4168 quae
1125 4096 1200 4152 carni
1214 4095 1317 4170 potins,
1333 4114 1414 4171 qnam
1427 4094 1488 4154 aedi·

194 4177 313 4233 dcationi
327 4177 437 4249 spiritus
452 4175 582 4244 serviunt,
597 4173 765 4234 delectantur
777 4185 804 4233 et
816 4178 937 4249 quotidie
948 4179 1110 4237 ambareelia
1122 4181 1273 4251 celebrant,
1285 4183 1387 4240 uellera
1399 4192 1488 4256 tempo

194 4276 251 4317 rum
268 4260 367 4316 babent
382 4261 523 4319 rationem.
553 4259 672 4332 ldeoque
687 4262 873 4333 babylonicam
888 4264 1020 4333 quandem
1033 4266 1218 4323 coniusioaem
1233 4267 1372 4326 ecclesiae
1385 4270 1450 4338 Dei,
1467 4264 1488 4320 it

194 4361 245 4415 qua
269 4346 355 4401 onnia
378 4345 473 4402 ordine
497 4353 523 4401 et
537 4345 667 4401 decenter
682 4347 741 4402 ilcri
756 4345 906 4415 debebant,
927 4349 1061 4420 ingerent
1093 4351 1221 4420 Quamvis
1235 4367 1290 4409 uon
1304 4352 1399 4412 desim
1412 4354 1487 4418 eliu,

196 4431 350 4524 quinomnie
366 4431 478 4486 vocibus
493 4438 520 4486 et
536 4431 631 4487 lstnlis
646 4431 681 4486 ita
697 4437 819 4504 strepere
836 4431 943 4505 malint,
964 4435 1079 4493 utnulla
1096 4442 1144 4496 ani
1155 4452 1222 4495 sane
1236 4437 1339 4510 exigua
1354 4456 1420 4515 pars
1433 4447 1489 4497 tarr

194 4526 270 4584 ports
286 4514 410 4571 concioni
426 4522 589 4572 reservetur.

730 4644 964 4666 ...κ-Ρ*
