3046 4942
799 343 876 418 sic
1005 346 1009 361 '

185 530 285 605 nobis
315 533 462 628 quietam
486 537 522 604 ei
545 532 762 629 tranquillam
785 530 890 606 vitam
916 528 1140 625 degentibus,
1167 526 1366 624 gluriiicare
1386 525 1480 600 Deam

184 635 320 709 Patrem
342 638 615 733 omnipotentem.
1167 680 1170 684 ι

286 736 430 812 Oreum.
465 736 661 812 Flectamus
675 758 797 831 genua.
830 735 969 808 bovata.
1003 744 1104 806 oratio
1119 743 1300 806 mutatoria
1317 742 1482 806 asciscat

185 847 335 911 Orationis
348 848 455 911 bilmas
474 851 607 912 extensis
627 849 771 912 manibus.
810 848 848 911 lit
868 848 916 909 bio
928 846 1222 911 mudns'servaturin
1236 845 1483 925 subsequentibus.

287 941 508 1038 Omnipotens
534 946 739 1039 sempiterne
765 942 880 1031 Deus,
907 944 965 1036 qui
990 941 1135 1035 gloriam
1159 950 1252 1012 tuam
1281 938 1428 1011 omnibns
1450 942 1483 1010 iu

184 1039 320 1117 Christo
338 1044 496 1138 gentibus
512 1045 690 1133 revelasti,
714 1044 848 1119 custodi
865 1060 971 1139 opera
989 1041 1246 1115 misericordiae
1266 1051 1361 1132 tuae,
1376 1051 1412 1113 ut
1423 1039 1482 1112 ilc

143 1152 147 1159 ’
183 1146 290 1222 closia
312 1156 369 1219 tua
394 1156 468 1220 toto
490 1146 576 1220 orbe
600 1148 732 1238 diffusa,
757 1145 869 1222 stabili
890 1145 958 1217 bde
976 1149 1013 1217 in
1033 1145 1253 1220 confessione
1276 1145 1328 1216 tui
1351 1146 1482 1217 nominis

174 1258 393 1346 perseveret.
440 1247 508 1322 Per
533 1250 689 1322 eundem.

285 1353 423 1425 θναιιιιι
448 1360 484 1424 et
508 1374 572 1449 pro
598 1351 792 1426 beatissimo
815 1350 909 1448 Papa
933 1360 1052 1424 nostro
1074 1348 1115 1422 N.
1136 1358 1174 1421 ut
1200 1347 1300 1423 Deus
1326 1359 1361 1421 et
1381 1348 1484 1421 oom-

182 1472 248 1525 nus
268 1463 389 1527 noster
414 1455 472 1550 qui
494 1455 600 1549 olegii
617 1477 696 1527 eum
721 1457 756 1526 in
778 1453 898 1526 ordine
920 1453 1146 1552 Episcopatus
1168 1452 1307 1525 salvum
1326 1461 1423 1548 atquo
1440 1453 1481 1522 iu·

183 1554 353 1628 columem
381 1556 550 1632 custodiat
568 1555 749 1633 Ecclesiae
774 1576 860 1632 suae
885 1567 1027 1633 sancus
1051 1555 1095 1630 ad
1119 1553 1313 1650 regendum
1334 1554 1480 1654 populun

181 1667 336 1731 sanctum
357 1656 433 1731 Dei.

285 1759 440 1834 Oremus.
480 1759 676 1836 Flectamus
699 1783 821 1856 genua.
861 1760 1001 1833 bevatc.

284 1860 507 1960 Omnipotens
525 1867 731 1961 sempiterne
744 1864 853 1954 Deus,
875 1867 970 1939 cuius
987 1864 1110 1937 indicia
1122 1861 1287 1935 universa
1300 1859 1479 1948 iundantm,

181 1967 317 2062 respice
352 1969 520 2063 propitius
548 1965 591 2038 ad
621 1986 747 2063 preces
770 1976 909 2041 nostras
939 1974 974 2037 et
1003 1966 1150 2038 electum
1171 1963 1272 2038 nobis
1299 1964 1478 2037 Autistitom

181 2073 239 2138 tua
276 2070 404 2165 pietate
440 2089 631 2158 conserva,
666 2078 704 2141 ut
732 2065 921 2142 Christiana
948 2068 1066 2164 plebs,
1099 2086 1188 2162 quae
1217 2076 1255 2139 te
1286 2067 1479 2162 gubmndm

181 2180 342 2260 auctore,
382 2168 445 2244 sub
479 2180 573 2243 tauto
603 2170 768 2244 Pontifice
805 2170 1016 2245 credulitatis
1047 2190 1130 2245 suae
1158 2172 1286 2243 meritis
1314 2177 1477 2262 augeatm.

180 2271 249 2345 Per
271 2272 370 2346 Dom.

144 2396 147 2401 ·
284 2375 423 2449 Oreum
455 2382 491 2447 et
514 2397 578 2473 pro
605 2373 760 2449 omnibus
787 2374 969 2472 Episcopis
997 2375 1235 2472 Presbyter-is,
1271 2368 1476 2458 biaconibus,

181 2473 473 2567 subdiaconibus,
499 2476 702 2575 Acolptbis,
728 2480 922 2567 excedetis,
945 2477 1144 2568 lectoribus,
1170 2478 1333 2564 caderis,
1358 2473 1478 2547 eunies

182 2580 331 2668 soribus,
357 2581 561 2674 uirginibus,
586 2581 713 2670 viduis,
736 2591 770 2652 ot
791 2602 856 2676 pro
879 2585 970 2651 omui
995 2581 1124 2678 populo
1145 2589 1264 2655 sancio
1291 2578 1367 2651 Dei.

284 2681 438 2755 Orcmus.
482 2682 678 2756 Flectamus
700 2704 822 2775 genua.
870 2680 1009 2754 bevate.
1519 2744 1522 2769 ,

284 2781 507 2878 Omnipotens
527 2787 734 2879 sempiterne
756 2785 870 2875 Deus,
891 2787 989 2869 onius
1010 2782 1132 2881 spiritu
1151 2793 1261 2857 totum
1282 2802 1408 2880 corpus
1423 2778 1478 2852 se

181 2884 311 2956 clesiae
333 2884 560 2958 sanctificatur·
584 2896 618 2957 ot
640 2889 784 2980 regitur,
810 2882 1018 2962 exaudinos
1040 2909 1104 2986 pro
1127 2889 1301 2960 universis
1321 2883 1478 2958 ordinibus

181 2985 426 3084 supplicantes,
448 2998 485 3060 ot
504 2991 636 3081 gratiae
653 2998 732 3062 tuae
752 3010 893 3062 munere
913 2991 956 3063 ab
978 2990 1134 3064 omuibus
1152 2988 1212 3062 tibi
1233 2987 1399 3083 gradibus
1413 2984 1479 3058 ide

181 3088 260 3162 liter
285 3093 465 3164 serviatur.
515 3091 583 3164 Per
608 3092 707 3166 Dom.

285 3193 423 3266 Oreum
449 3203 483 3265 et
507 3214 571 3290 pro
593 3194 880 3271 Christianissimo
903 3195 1114 3293 imperatore
1134 3202 1256 3269 nostro
1277 3191 1320 3265 N.
1344 3201 1382 3265 ut
1401 3188 1483 3263 Deus

181 3303 217 3367 et
235 3294 402 3370 Dominus
426 3307 546 3372 noster
572 3297 723 3372 subditas
745 3299 796 3371 illi
815 3296 921 3372 faciat
947 3316 1066 3372 omnes
1087 3296 1253 3371 barbarus
1271 3297 1429 3371 nationes
1447 3289 1483 3363 ad

93 3454 99 3465 .
174 3408 333 3472 nostram
351 3411 551 3497 perpetuam
576 3422 706 3496 pacem.

284 3500 439 3575 Oremus.
492 3500 686 3578 Flectamus
707 3522 829 3597 genua.
878 3501 1018 3576 bonate.

284 3604 506 3701 Omnipotens
526 3610 733 3703 sempiterne
752 3605 861 3696 Deus,
879 3609 914 3677 in
933 3608 1029 3679 cuius
1050 3624 1152 3677 murm
1172 3612 1253 3676 sunt
1268 3604 1414 3674 omnium
1428 3618 1485 3693 po

180 3714 322 3781 osseos
343 3718 377 3780 et
399 3711 547 3780 omnium
573 3712 647 3780 iura
674 3728 861 3802 regnorum
887 3711 1023 3804 respice
1046 3707 1090 3779 ad
1110 3706 1304 3779 Romanum
1328 3704 1487 3794 benignus

178 3809 371 3905 imperium,
397 3820 434 3881 ut
457 3820 578 3903 gentes
600 3833 688 3906 quae
715 3814 749 3882 in
775 3834 837 3885 sua
859 3810 995 3883 feritate
1017 3808 1201 3900 confidunt,
1222 3809 1392 3905 potentiae
1410 3813 1487 3875 tuae

183 3908 325 3983 dextera
346 3916 620 4009 comprimantur.
674 3913 742 3986 Per
764 3913 863 3986 Dum.

200 4090 203 4095 ,
285 4015 421 4088 Ouum
441 4025 476 4086 et
498 4036 562 4114 pro
587 4015 840 4091 catechumenis
859 4017 1000 4105 nostris,
1020 4024 1057 4087 ut
1074 4014 1171 4088 Deus
1193 4022 1228 4084 et
1250 4013 1419 4086 Dominus
1435 4029 1485 4079 no

178 4123 253 4189 ster
271 4115 444 4214 adaperiat
466 4140 567 4194 aures
588 4118 869 4215 praecordiorum
889 4122 1056 4215 ipsorum,
1076 4120 1282 4211 laneumque
1303 4115 1485 4187 misericor·

183 4215 280 4305 diae,
306 4230 342 4291 ut
367 4244 429 4316 per
456 4223 633 4295 lavacrum
657 4224 930 4315 regenerationis
955 4230 1097 4319 accepta
1118 4221 1324 4293 remissione
1350 4218 1482 4290 omnium

181 4331 400 4413 peccatorum
422 4327 542 4421 stipsi
564 4328 780 4397 inveniantur
798 4328 833 4396 in
860 4322 997 4397 Christo
1016 4322 1097 4400 lesu
1121 4323 1273 4396 Domino
1290 4330 1422 4396 nostro.

160 4514 166 4525 Ι
289 4422 441 4498 Oremus.
496 4427 691 4502 Flectamus
709 4447 846 4520 genua..
879 4426 1025 4502 Ιιιιιιιιιο.Ι

279 4523 508 4628 Omnipotens
529 4534 737 4631 sempiterne
753 4530 868 4622 licus,
890 4532 951 4626 qai
963 4529 1157 4605 Ecclesiam
1173 4537 1267 4601 tuam
1287 4548 1383 4598 nova
1398 4518 1481 4623 prob

157 4648 310 4730 semper
329 4632 552 4734 foecundas,
572 4658 674 4735 auge
687 4635 852 4719 noenu
865 4632 1084 4725 iusim
1099 4630 1346 4706 assum
1356 4624 1481 4705 umus
