<?xml version="1.0" encoding="UTF-8"?>
<!DOCTYPE html PUBLIC "-//W3C//DTD XHTML 1.0 Transitional//EN"
    "http://www.w3.org/TR/xhtml1/DTD/xhtml1-transitional.dtd">
<html xmlns="http://www.w3.org/1999/xhtml" xml:lang="en" lang="en">
 <head>
  <title>
</title>
<meta http-equiv="Content-Type" content="text/html;charset=utf-8" />
  <meta name='ocr-system' content='tesseract 3.04.00' />
  <meta name='ocr-capabilities' content='ocr_page ocr_carea ocr_par ocr_line ocrx_word'/>
</head>
<body>
  <div class='ocr_page' id='page_1' title='image "./codexliturgicus03danigoog_0286.png"; bbox 0 0 3060 4934; ppageno 0'>
   <div class='ocr_carea' id='block_1_1' title="bbox 663 252 810 372">
    <p class='ocr_par' dir='ltr' id='par_1_1' title="bbox 663 252 810 372">
     <span class='ocr_line' id='line_1_1' title="bbox 663 252 810 372; baseline 0.007 -1"><span class='ocrx_word' id='word_1_1' title='bbox 663 302 737 372; x_wconf 79' lang='lat' dir='ltr'><strong>sas</strong></span> <span class='ocrx_word' id='word_1_2' title='bbox 806 252 810 261; x_wconf 63' lang='grc'><strong>’</strong></span> 
     </span>
    </p>
   </div>
   <div class='ocr_carea' id='block_1_2' title="bbox 44 490 1364 2208">
    <p class='ocr_par' dir='ltr' id='par_1_2' title="bbox 44 490 1363 1090">
     <span class='ocr_line' id='line_1_2' title="bbox 49 490 1363 581; baseline -0.005 -20"><span class='ocrx_word' id='word_1_3' title='bbox 49 507 178 581; x_wconf 76' lang='lat' dir='ltr'><strong>quamam</strong></span> <span class='ocrx_word' id='word_1_4' title='bbox 191 497 371 575; x_wconf 86' lang='lat' dir='ltr'><strong>matutinam,</strong></span> <span class='ocrx_word' id='word_1_5' title='bbox 385 497 442 558; x_wconf 87' lang='lat' dir='ltr'><strong>nisi</strong></span> <span class='ocrx_word' id='word_1_6' title='bbox 460 493 605 557; x_wconf 78' lang='lat' dir='ltr'><strong>ianeamr</strong></span> <span class='ocrx_word' id='word_1_7' title='bbox 615 491 814 574; x_wconf 87' lang='lat' dir='ltr'><strong>dispensatio)</strong></span> <span class='ocrx_word' id='word_1_8' title='bbox 831 490 934 561; x_wconf 85' lang='lat' dir='ltr'><strong>induet</strong></span> <span class='ocrx_word' id='word_1_9' title='bbox 949 492 1198 574; x_wconf 77' lang='lat' dir='ltr'><strong>superpelliceum</strong></span> <span class='ocrx_word' id='word_1_10' title='bbox 1212 501 1243 556; x_wconf 89' lang='lat' dir='ltr'><strong>et</strong></span> <span class='ocrx_word' id='word_1_11' title='bbox 1257 494 1363 557; x_wconf 88' lang='lat' dir='ltr'><strong>stolam</strong></span> 
     </span>
     <span class='ocr_line' id='line_1_3' title="bbox 46 594 1363 678; baseline -0.002 -16"><span class='ocrx_word' id='word_1_12' title='bbox 46 602 103 663; x_wconf 82' lang='lat' dir='ltr'><strong>alni</strong></span> <span class='ocrx_word' id='word_1_13' title='bbox 118 601 229 662; x_wconf 85' lang='lat' dir='ltr'><strong>eoloris</strong></span> <span class='ocrx_word' id='word_1_14' title='bbox 243 598 307 677; x_wconf 91' lang='lat' dir='ltr'><strong>(ant</strong></span> <span class='ocrx_word' id='word_1_15' title='bbox 316 601 462 676; x_wconf 88' lang='lat' dir='ltr'><strong>amiotum,</strong></span> <span class='ocrx_word' id='word_1_16' title='bbox 476 595 583 673; x_wconf 88' lang='lat' dir='ltr'><strong>albam,</strong></span> <span class='ocrx_word' id='word_1_17' title='bbox 597 596 746 673; x_wconf 74' lang='lat' dir='ltr'><strong>cingulum</strong></span> <span class='ocrx_word' id='word_1_18' title='bbox 758 605 790 657; x_wconf 87' lang='lat' dir='ltr'><strong>et</strong></span> <span class='ocrx_word' id='word_1_19' title='bbox 799 594 982 657; x_wconf 88' lang='lat' dir='ltr'><strong>stolam&#39;slue</strong></span> <span class='ocrx_word' id='word_1_20' title='bbox 997 595 1157 675; x_wconf 86' lang='lat' dir='ltr'><strong>manipulo,</strong></span> <span class='ocrx_word' id='word_1_21' title='bbox 1172 599 1270 677; x_wconf 90' lang='lat' dir='ltr'><strong>positu</strong></span> <span class='ocrx_word' id='word_1_22' title='bbox 1283 597 1363 678; x_wconf 84' lang='lat' dir='ltr'><strong>quod</strong></span> 
     </span>
     <span class='ocr_line' id='line_1_4' title="bbox 45 695 1362 783; baseline -0.003 -19"><span class='ocrx_word' id='word_1_23' title='bbox 45 702 164 764; x_wconf 89' lang='lat' dir='ltr'><strong>llissaru</strong></span> <span class='ocrx_word' id='word_1_24' title='bbox 182 702 222 762; x_wconf 92' lang='lat' dir='ltr'><strong>sit</strong></span> <span class='ocrx_word' id='word_1_25' title='bbox 235 703 301 783; x_wconf 89' lang='lat' dir='ltr'><strong>ipso</strong></span> <span class='ocrx_word' id='word_1_26' title='bbox 315 702 455 763; x_wconf 81' lang='lat' dir='ltr'><strong>continuo</strong></span> <span class='ocrx_word' id='word_1_27' title='bbox 475 695 693 773; x_wconf 73' lang='lat' dir='ltr'>celebraturus)</span> <span class='ocrx_word' id='word_1_28' title='bbox 710 697 921 777; x_wconf 84' lang='lat' dir='ltr'><strong>adlribelritqae</strong></span> <span class='ocrx_word' id='word_1_29' title='bbox 940 714 1030 758; x_wconf 88' lang='lat' dir='ltr'><strong>unum</strong></span> <span class='ocrx_word' id='word_1_30' title='bbox 1045 696 1193 760; x_wconf 79' lang='lat' dir='ltr'><strong>Olerloum</strong></span> <span class='ocrx_word' id='word_1_31' title='bbox 1208 701 1362 780; x_wconf 88' lang='lat' dir='ltr'><strong>superpel-</strong></span> 
     </span>
     <span class='ocr_line' id='line_1_5' title="bbox 46 798 1362 882; baseline -0.002 -16"><span class='ocrx_word' id='word_1_32' title='bbox 46 805 124 867; x_wconf 87' lang='lat' dir='ltr'><strong>lioeo</strong></span> <span class='ocrx_word' id='word_1_33' title='bbox 144 803 288 882; x_wconf 90' lang='lat' dir='ltr'><strong>indutum,</strong></span> <span class='ocrx_word' id='word_1_34' title='bbox 309 804 358 865; x_wconf 81' lang='lat' dir='ltr'><strong>nel</strong></span> <span class='ocrx_word' id='word_1_35' title='bbox 379 803 483 863; x_wconf 89' lang='lat' dir='ltr'><strong>saltem</strong></span> <span class='ocrx_word' id='word_1_36' title='bbox 503 800 628 880; x_wconf 78' lang='lat' dir='ltr'><strong>aliquem</strong></span> <span class='ocrx_word' id='word_1_37' title='bbox 641 799 817 877; x_wconf 88' lang='lat' dir='ltr'><strong>llinistrum,</strong></span> <span class='ocrx_word' id='word_1_38' title='bbox 838 800 886 879; x_wconf 87' lang='lat' dir='ltr'><strong>qui</strong></span> <span class='ocrx_word' id='word_1_39' title='bbox 899 798 1018 861; x_wconf 82' lang='lat' dir='ltr'><strong>Librum</strong></span> <span class='ocrx_word' id='word_1_40' title='bbox 1039 799 1117 861; x_wconf 82' lang='lat' dir='ltr'><strong>huno</strong></span> <span class='ocrx_word' id='word_1_41' title='bbox 1137 801 1283 863; x_wconf 85' lang='lat' dir='ltr'><strong>llitualem</strong></span> <span class='ocrx_word' id='word_1_42' title='bbox 1297 819 1362 863; x_wconf 89' lang='lat' dir='ltr'><strong>oum</strong></span> 
     </span>
     <span class='ocr_line' id='line_1_6' title="bbox 44 901 1362 988; baseline -0.003 -20"><span class='ocrx_word' id='word_1_43' title='bbox 44 925 120 988; x_wconf 83' lang='lat' dir='ltr'><strong>aqna</strong></span> <span class='ocrx_word' id='word_1_44' title='bbox 136 904 293 967; x_wconf 81' lang='lat' dir='ltr'><strong>benedicta</strong></span> <span class='ocrx_word' id='word_1_45' title='bbox 317 914 348 966; x_wconf 84' lang='lat' dir='ltr'><strong>et</strong></span> <span class='ocrx_word' id='word_1_46' title='bbox 368 904 537 985; x_wconf 77' lang='lat' dir='ltr'>aspersorio</span> <span class='ocrx_word' id='word_1_47' title='bbox 551 909 683 983; x_wconf 89' lang='lat' dir='ltr'><strong>paratum</strong></span> <span class='ocrx_word' id='word_1_48' title='bbox 701 910 816 978; x_wconf 90' lang='lat' dir='ltr'><strong>teneat,</strong></span> <span class='ocrx_word' id='word_1_49' title='bbox 835 919 893 962; x_wconf 90' lang='lat' dir='ltr'><strong>una</strong></span> <span class='ocrx_word' id='word_1_50' title='bbox 914 920 978 963; x_wconf 89' lang='lat' dir='ltr'><strong>oum</strong></span> <span class='ocrx_word' id='word_1_51' title='bbox 1000 901 1079 981; x_wconf 83' lang='lat' dir='ltr'><strong>pelvi</strong></span> <span class='ocrx_word' id='word_1_52' title='bbox 1099 903 1232 984; x_wconf 78' lang='lat' dir='ltr'><strong>pomula,</strong></span> <span class='ocrx_word' id='word_1_53' title='bbox 1258 906 1362 984; x_wconf 91' lang='lat' dir='ltr'><strong>inqua</strong></span> 
     </span>
     <span class='ocr_line' id='line_1_7' title="bbox 45 1004 1094 1090; baseline -0.007 -19"><span class='ocrx_word' id='word_1_54' title='bbox 45 1016 173 1090; x_wconf 87' lang='lat' dir='ltr'><strong>ponatur</strong></span> <span class='ocrx_word' id='word_1_55' title='bbox 186 1008 311 1070; x_wconf 89' lang='lat' dir='ltr'><strong>annulus</strong></span> <span class='ocrx_word' id='word_1_56' title='bbox 326 1010 439 1084; x_wconf 79' lang='lat' dir='ltr'><strong>unicus,</strong></span> <span class='ocrx_word' id='word_1_57' title='bbox 452 1005 580 1086; x_wconf 75' lang='lat' dir='ltr'>simplex</span> <span class='ocrx_word' id='word_1_58' title='bbox 593 1004 707 1085; x_wconf 85' lang='lat' dir='ltr'><strong>absque</strong></span> <span class='ocrx_word' id='word_1_59' title='bbox 722 1005 870 1066; x_wconf 87' lang='lat' dir='ltr'><strong>eaelatura</strong></span> <span class='ocrx_word' id='word_1_60' title='bbox 884 1014 934 1065; x_wconf 92' lang='lat' dir='ltr'><strong>aut</strong></span> <span class='ocrx_word' id='word_1_61' title='bbox 948 1005 1094 1082; x_wconf 77' lang='lat' dir='ltr'><strong>gemmis.-</strong></span> 
     </span>
    </p>

    <p class='ocr_par' dir='ltr' id='par_1_3' title="bbox 44 1105 1364 2098">
     <span class='ocr_line' id='line_1_8' title="bbox 150 1105 1363 1191; baseline -0.003 -20"><span class='ocrx_word' id='word_1_62' title='bbox 150 1110 221 1172; x_wconf 86' lang='lat' dir='ltr'><strong>Tnm</strong></span> <span class='ocrx_word' id='word_1_63' title='bbox 236 1118 349 1191; x_wconf 84' lang='lat' dir='ltr'><strong>sponso</strong></span> <span class='ocrx_word' id='word_1_64' title='bbox 365 1119 396 1171; x_wconf 84' lang='lat' dir='ltr'><strong>et</strong></span> <span class='ocrx_word' id='word_1_65' title='bbox 408 1125 518 1190; x_wconf 91' lang='lat' dir='ltr'><strong>sponsa</strong></span> <span class='ocrx_word' id='word_1_66' title='bbox 537 1107 626 1170; x_wconf 85' lang='lat' dir='ltr'><strong>asnis</strong></span> <span class='ocrx_word' id='word_1_67' title='bbox 641 1106 824 1188; x_wconf 75' lang='lat' dir='ltr'><strong>parentibus,</strong></span> <span class='ocrx_word' id='word_1_68' title='bbox 840 1105 887 1167; x_wconf 86' lang='lat' dir='ltr'><strong>vel</strong></span> <span class='ocrx_word' id='word_1_69' title='bbox 901 1108 1005 1167; x_wconf 86' lang='lat' dir='ltr'><strong>amieis</strong></span> <span class='ocrx_word' id='word_1_70' title='bbox 1018 1116 1049 1168; x_wconf 88' lang='lat' dir='ltr'><strong>et</strong></span> <span class='ocrx_word' id='word_1_71' title='bbox 1064 1108 1196 1168; x_wconf 85' lang='lat' dir='ltr'><strong>invitatis</strong></span> <span class='ocrx_word' id='word_1_72' title='bbox 1211 1107 1363 1187; x_wconf 76' lang='lat' dir='ltr'><strong>utriusque</strong></span> 
     </span>
     <span class='ocr_line' id='line_1_9' title="bbox 46 1208 1362 1289; baseline -0.003 -17"><span class='ocrx_word' id='word_1_73' title='bbox 46 1231 136 1274; x_wconf 84' lang='lat' dir='ltr'><strong>sexus</strong></span> <span class='ocrx_word' id='word_1_74' title='bbox 156 1212 321 1273; x_wconf 82' lang='lat' dir='ltr'><strong>honorilice</strong></span> <span class='ocrx_word' id='word_1_75' title='bbox 340 1221 371 1273; x_wconf 90' lang='lat' dir='ltr'><strong>et</strong></span> <span class='ocrx_word' id='word_1_76' title='bbox 391 1229 455 1272; x_wconf 88' lang='lat' dir='ltr'><strong>oum</strong></span> <span class='ocrx_word' id='word_1_77' title='bbox 475 1209 621 1271; x_wconf 86' lang='lat' dir='ltr'><strong>modestia</strong></span> <span class='ocrx_word' id='word_1_78' title='bbox 641 1212 718 1270; x_wconf 88' lang='lat' dir='ltr'><strong>intra</strong></span> <span class='ocrx_word' id='word_1_79' title='bbox 736 1209 899 1271; x_wconf 74' lang='lat' dir='ltr'><strong>Ecclesiam</strong></span> <span class='ocrx_word' id='word_1_80' title='bbox 920 1218 989 1269; x_wconf 86' lang='lat' dir='ltr'><strong>aute</strong></span> <span class='ocrx_word' id='word_1_81' title='bbox 1011 1209 1158 1288; x_wconf 80' lang='lat' dir='ltr'><strong>ciorum,</strong></span> <span class='ocrx_word' id='word_1_82' title='bbox 1179 1209 1229 1270; x_wconf 85' lang='lat' dir='ltr'><strong>vel</strong></span> <span class='ocrx_word' id='word_1_83' title='bbox 1243 1208 1362 1289; x_wconf 89' lang='lat' dir='ltr'><strong>aliquod</strong></span> 
     </span>
     <span class='ocr_line' id='line_1_10' title="bbox 46 1298 1362 1391; baseline -0.004 -16"><span class='ocrx_word' id='word_1_84' title='bbox 46 1298 148 1375; x_wconf 70' lang='lat' dir='ltr'><strong>ditare</strong></span> <span class='ocrx_word' id='word_1_85' title='bbox 167 1330 265 1375; x_wconf 87' lang='lat' dir='ltr'><strong>eoram</strong></span> <span class='ocrx_word' id='word_1_86' title='bbox 287 1313 412 1376; x_wconf 82' lang='lat' dir='ltr'><strong>Pastore</strong></span> <span class='ocrx_word' id='word_1_87' title='bbox 433 1312 586 1388; x_wconf 84' lang='lat' dir='ltr'><strong>deductis,</strong></span> <span class='ocrx_word' id='word_1_88' title='bbox 607 1313 681 1391; x_wconf 87' lang='lat' dir='ltr'><strong>lpsls</strong></span> <span class='ocrx_word' id='word_1_89' title='bbox 700 1320 770 1373; x_wconf 88' lang='lat' dir='ltr'><strong>ante</strong></span> <span class='ocrx_word' id='word_1_90' title='bbox 789 1311 937 1373; x_wconf 79' lang='lat' dir='ltr'><strong>confessis</strong></span> <span class='ocrx_word' id='word_1_91' title='bbox 956 1320 986 1372; x_wconf 87' lang='lat' dir='ltr'><strong>ut</strong></span> <span class='ocrx_word' id='word_1_92' title='bbox 1005 1313 1238 1389; x_wconf 76' lang='lat' dir='ltr'><strong>communicatis,</strong></span> <span class='ocrx_word' id='word_1_93' title='bbox 1258 1311 1362 1373; x_wconf 91' lang='lat' dir='ltr'><strong>saltem</strong></span> 
     </span>
     <span class='ocr_line' id='line_1_11' title="bbox 45 1412 1362 1497; baseline -0.004 -20"><span class='ocrx_word' id='word_1_94' title='bbox 45 1416 152 1496; x_wconf 84' lang='lat' dir='ltr'><strong>pridie,</strong></span> <span class='ocrx_word' id='word_1_95' title='bbox 166 1426 197 1477; x_wconf 93' lang='lat' dir='ltr'><strong>et</strong></span> <span class='ocrx_word' id='word_1_96' title='bbox 209 1418 342 1497; x_wconf 89' lang='lat' dir='ltr'><strong>insuper,</strong></span> <span class='ocrx_word' id='word_1_97' title='bbox 361 1417 387 1475; x_wconf 90' lang='lat' dir='ltr'><strong>sl</strong></span> <span class='ocrx_word' id='word_1_98' title='bbox 402 1417 465 1476; x_wconf 84' lang='lat' dir='ltr'><strong>lieri</strong></span> <span class='ocrx_word' id='word_1_99' title='bbox 483 1422 594 1494; x_wconf 87' lang='lat' dir='ltr'><strong>potest,</strong></span> <span class='ocrx_word' id='word_1_100' title='bbox 609 1415 728 1490; x_wconf 89' lang='lat' dir='ltr'><strong>ieiunis,</strong></span> <span class='ocrx_word' id='word_1_101' title='bbox 743 1412 904 1490; x_wconf 88' lang='lat' dir='ltr'><strong>Paroolrus,</strong></span> <span class='ocrx_word' id='word_1_102' title='bbox 923 1415 1130 1493; x_wconf 85' lang='lat' dir='ltr'><strong>praesentibus</strong></span> <span class='ocrx_word' id='word_1_103' title='bbox 1144 1414 1290 1490; x_wconf 82' lang='lat' dir='ltr'><strong>testilsus,</strong></span> <span class='ocrx_word' id='word_1_104' title='bbox 1313 1412 1362 1472; x_wconf 88' lang='lat' dir='ltr'><strong>lis·</strong></span> 
     </span>
     <span class='ocr_line' id='line_1_12' title="bbox 45 1514 1361 1598; baseline -0.002 -20"><span class='ocrx_word' id='word_1_105' title='bbox 45 1536 103 1597; x_wconf 79' lang='lat' dir='ltr'><strong>pue</strong></span> <span class='ocrx_word' id='word_1_106' title='bbox 117 1517 288 1598; x_wconf 85' lang='lat' dir='ltr'><strong>parentibus</strong></span> <span class='ocrx_word' id='word_1_107' title='bbox 304 1527 335 1578; x_wconf 91' lang='lat' dir='ltr'><strong>et</strong></span> <span class='ocrx_word' id='word_1_108' title='bbox 346 1518 492 1594; x_wconf 78' lang='lat' dir='ltr'><strong>cognatis,</strong></span> <span class='ocrx_word' id='word_1_109' title='bbox 511 1523 561 1576; x_wconf 91' lang='lat' dir='ltr'><strong>aut</strong></span> <span class='ocrx_word' id='word_1_110' title='bbox 573 1515 650 1591; x_wconf 87' lang='lat' dir='ltr'><strong>allis,</strong></span> <span class='ocrx_word' id='word_1_111' title='bbox 664 1514 855 1594; x_wconf 89' lang='lat' dir='ltr'><strong>postulabita</strong></span> <span class='ocrx_word' id='word_1_112' title='bbox 873 1531 985 1594; x_wconf 88' lang='lat' dir='ltr'><strong>sponso</strong></span> <span class='ocrx_word' id='word_1_113' title='bbox 1000 1516 1148 1593; x_wconf 89' lang='lat' dir='ltr'><strong>annulum,</strong></span> <span class='ocrx_word' id='word_1_114' title='bbox 1168 1534 1256 1596; x_wconf 85' lang='lat' dir='ltr'><strong>quem</strong></span> <span class='ocrx_word' id='word_1_115' title='bbox 1273 1533 1361 1594; x_wconf 90' lang='lat' dir='ltr'><strong>spon·</strong></span> 
     </span>
     <span class='ocr_line' id='line_1_13' title="bbox 46 1614 1363 1697; baseline -0.003 -17"><span class='ocrx_word' id='word_1_116' title='bbox 46 1636 95 1680; x_wconf 86' lang='lat' dir='ltr'><strong>sus</strong></span> <span class='ocrx_word' id='word_1_117' title='bbox 110 1618 241 1697; x_wconf 75' lang='lat' dir='ltr'>deponet</span> <span class='ocrx_word' id='word_1_118' title='bbox 258 1620 287 1678; x_wconf 92' lang='lat' dir='ltr'><strong>iu</strong></span> <span class='ocrx_word' id='word_1_119' title='bbox 302 1617 394 1697; x_wconf 79' lang='lat' dir='ltr'><strong>pelvi,</strong></span> <span class='ocrx_word' id='word_1_120' title='bbox 414 1619 452 1678; x_wconf 87' lang='lat' dir='ltr'><strong>ds</strong></span> <span class='ocrx_word' id='word_1_121' title='bbox 471 1634 529 1695; x_wconf 84' lang='lat' dir='ltr'><strong>qua</strong></span> <span class='ocrx_word' id='word_1_122' title='bbox 547 1632 649 1695; x_wconf 87' lang='lat' dir='ltr'><strong>supra,</strong></span> <span class='ocrx_word' id='word_1_123' title='bbox 671 1632 757 1694; x_wconf 84' lang='lat' dir='ltr'><strong>quam</strong></span> <span class='ocrx_word' id='word_1_124' title='bbox 772 1615 887 1675; x_wconf 88' lang='lat' dir='ltr'><strong>tenebit</strong></span> <span class='ocrx_word' id='word_1_125' title='bbox 903 1614 1049 1691; x_wconf 81' lang='lat' dir='ltr'><strong>Glarions,</strong></span> <span class='ocrx_word' id='word_1_126' title='bbox 1067 1617 1116 1676; x_wconf 83' lang='lat' dir='ltr'><strong>vel</strong></span> <span class='ocrx_word' id='word_1_127' title='bbox 1135 1617 1211 1677; x_wconf 88' lang='lat' dir='ltr'><strong>allus</strong></span> <span class='ocrx_word' id='word_1_128' title='bbox 1229 1614 1363 1676; x_wconf 85' lang='lat' dir='ltr'><strong>llinister</strong></span> 
     </span>
     <span class='ocr_line' id='line_1_14' title="bbox 46 1714 1362 1797; baseline -0.003 -18"><span class='ocrx_word' id='word_1_129' title='bbox 46 1729 114 1780; x_wconf 89' lang='lat' dir='ltr'><strong>note</strong></span> <span class='ocrx_word' id='word_1_130' title='bbox 129 1717 302 1778; x_wconf 89' lang='lat' dir='ltr'><strong>Paroohum.</strong></span> <span class='ocrx_word' id='word_1_131' title='bbox 326 1718 397 1797; x_wconf 91' lang='lat' dir='ltr'><strong>lpse</strong></span> <span class='ocrx_word' id='word_1_132' title='bbox 410 1726 507 1778; x_wconf 91' lang='lat' dir='ltr'><strong>autem</strong></span> <span class='ocrx_word' id='word_1_133' title='bbox 520 1715 672 1777; x_wconf 86' lang='lat' dir='ltr'><strong>Paruulrus</strong></span> <span class='ocrx_word' id='word_1_134' title='bbox 685 1723 766 1775; x_wconf 89' lang='lat' dir='ltr'><strong>stans</strong></span> <span class='ocrx_word' id='word_1_135' title='bbox 779 1714 855 1776; x_wconf 87' lang='lat' dir='ltr'><strong>laole</strong></span> <span class='ocrx_word' id='word_1_136' title='bbox 867 1732 955 1776; x_wconf 81' lang='lat' dir='ltr'><strong>versa</strong></span> <span class='ocrx_word' id='word_1_137' title='bbox 966 1715 1003 1776; x_wconf 91' lang='lat' dir='ltr'><strong>ad</strong></span> <span class='ocrx_word' id='word_1_138' title='bbox 1012 1732 1154 1796; x_wconf 86' lang='lat' dir='ltr'><strong>sponsum</strong></span> <span class='ocrx_word' id='word_1_139' title='bbox 1169 1725 1200 1777; x_wconf 85' lang='lat' dir='ltr'><strong>ut</strong></span> <span class='ocrx_word' id='word_1_140' title='bbox 1212 1732 1362 1795; x_wconf 87' lang='lat' dir='ltr'><strong>sponsam,</strong></span> 
     </span>
     <span class='ocr_line' id='line_1_15' title="bbox 44 1814 1364 1899; baseline -0.003 -18"><span class='ocrx_word' id='word_1_141' title='bbox 44 1822 84 1881; x_wconf 89' lang='lat' dir='ltr'><strong>ita</strong></span> <span class='ocrx_word' id='word_1_142' title='bbox 105 1828 136 1879; x_wconf 92' lang='lat' dir='ltr'><strong>ut</strong></span> <span class='ocrx_word' id='word_1_143' title='bbox 152 1820 196 1878; x_wconf 86' lang='lat' dir='ltr'><strong>vir</strong></span> <span class='ocrx_word' id='word_1_144' title='bbox 213 1820 252 1880; x_wconf 92' lang='lat' dir='ltr'><strong>sit</strong></span> <span class='ocrx_word' id='word_1_145' title='bbox 269 1819 305 1879; x_wconf 93' lang='lat' dir='ltr'><strong>ad</strong></span> <span class='ocrx_word' id='word_1_146' title='bbox 322 1820 468 1879; x_wconf 71' lang='lat' dir='ltr'><strong>sinistram</strong></span> <span class='ocrx_word' id='word_1_147' title='bbox 482 1835 575 1894; x_wconf 90' lang='lat' dir='ltr'><strong>suam,</strong></span> <span class='ocrx_word' id='word_1_148' title='bbox 596 1826 627 1878; x_wconf 90' lang='lat' dir='ltr'><strong>et</strong></span> <span class='ocrx_word' id='word_1_149' title='bbox 639 1814 744 1876; x_wconf 87' lang='lat' dir='ltr'><strong>mulier</strong></span> <span class='ocrx_word' id='word_1_150' title='bbox 762 1816 798 1876; x_wconf 89' lang='lat' dir='ltr'><strong>ad</strong></span> <span class='ocrx_word' id='word_1_151' title='bbox 812 1815 977 1894; x_wconf 81' lang='lat' dir='ltr'><strong>dexteram,</strong></span> <span class='ocrx_word' id='word_1_152' title='bbox 992 1826 1146 1899; x_wconf 88' lang='lat' dir='ltr'><strong>postquam</strong></span> <span class='ocrx_word' id='word_1_153' title='bbox 1166 1819 1249 1899; x_wconf 89' lang='lat' dir='ltr'><strong>ipsos</strong></span> <span class='ocrx_word' id='word_1_154' title='bbox 1269 1825 1299 1876; x_wconf 88' lang='lat' dir='ltr'><strong>et</strong></span> <span class='ocrx_word' id='word_1_155' title='bbox 1315 1816 1364 1877; x_wconf 89' lang='lat' dir='ltr'><strong>ad·</strong></span> 
     </span>
     <span class='ocr_line' id='line_1_16' title="bbox 46 1917 1364 2001; baseline -0.002 -19"><span class='ocrx_word' id='word_1_156' title='bbox 46 1929 179 1997; x_wconf 91' lang='lat' dir='ltr'><strong>stantes,</strong></span> <span class='ocrx_word' id='word_1_157' title='bbox 202 1919 445 1983; x_wconf 83' lang='lat' dir='ltr'><strong>mediocriterne</strong></span> <span class='ocrx_word' id='word_1_158' title='bbox 466 1919 629 1995; x_wconf 83' lang='lat' dir='ltr'><strong>inclinans,</strong></span> <span class='ocrx_word' id='word_1_159' title='bbox 657 1917 846 1996; x_wconf 86' lang='lat' dir='ltr'><strong>salutaverit,</strong></span> <span class='ocrx_word' id='word_1_160' title='bbox 872 1918 1065 2000; x_wconf 85' lang='lat' dir='ltr'><strong>producendo</strong></span> <span class='ocrx_word' id='word_1_161' title='bbox 1084 1938 1176 2001; x_wconf 91' lang='lat' dir='ltr'><strong>super</strong></span> <span class='ocrx_word' id='word_1_162' title='bbox 1194 1938 1229 1981; x_wconf 90' lang='lat' dir='ltr'><strong>se</strong></span> <span class='ocrx_word' id='word_1_163' title='bbox 1248 1920 1364 1997; x_wconf 80' lang='lat' dir='ltr'><strong>signum</strong></span> 
     </span>
     <span class='ocr_line' id='line_1_17' title="bbox 47 2021 267 2098; baseline -0.009 -13"><span class='ocrx_word' id='word_1_164' title='bbox 47 2022 160 2098; x_wconf 73' lang='lat' dir='ltr'><strong>crusis,</strong></span> <span class='ocrx_word' id='word_1_165' title='bbox 174 2021 267 2083; x_wconf 84' lang='lat' dir='ltr'><strong>diuet:</strong></span> 
     </span>
    </p>

    <p class='ocr_par' dir='ltr' id='par_1_4' title="bbox 147 2108 1219 2208">
     <span class='ocr_line' id='line_1_18' title="bbox 147 2108 1219 2208; baseline -0.002 -22"><span class='ocrx_word' id='word_1_166' title='bbox 147 2114 188 2186; x_wconf 92' lang='lat' dir='ltr'><strong>Iu</strong></span> <span class='ocrx_word' id='word_1_167' title='bbox 208 2111 354 2203; x_wconf 84' lang='lat' dir='ltr'><strong>Nomine</strong></span> <span class='ocrx_word' id='word_1_168' title='bbox 375 2115 499 2203; x_wconf 84' lang='lat' dir='ltr'><strong>Patris,</strong></span> <span class='ocrx_word' id='word_1_169' title='bbox 521 2124 556 2185; x_wconf 90' lang='lat' dir='ltr'><strong>et</strong></span> <span class='ocrx_word' id='word_1_170' title='bbox 572 2109 664 2202; x_wconf 85' lang='lat' dir='ltr'><strong>Filii,</strong></span> <span class='ocrx_word' id='word_1_171' title='bbox 686 2122 723 2184; x_wconf 91' lang='lat' dir='ltr'><strong>et</strong></span> <span class='ocrx_word' id='word_1_172' title='bbox 744 2108 891 2208; x_wconf 75' lang='lat' dir='ltr'><strong>Spiritus</strong></span> <span class='ocrx_word' id='word_1_173' title='bbox 917 2109 1043 2185; x_wconf 81' lang='lat' dir='ltr'><strong>Sancti.</strong></span> <span class='ocrx_word' id='word_1_174' title='bbox 1096 2112 1219 2184; x_wconf 84' lang='lat' dir='ltr'><strong>Amen.</strong></span> 
     </span>
    </p>
   </div>
   <div class='ocr_carea' id='block_1_3' title="bbox 483 2331 929 2427">
    <p class='ocr_par' dir='ltr' id='par_1_5' title="bbox 483 2331 929 2427">
     <span class='ocr_line' id='line_1_19' title="bbox 483 2331 929 2427; baseline 0 -24"><span class='ocrx_word' id='word_1_175' title='bbox 483 2331 738 2405; x_wconf 80' lang='lat' dir='ltr'><strong>Benedictio</strong></span> <span class='ocrx_word' id='word_1_176' title='bbox 760 2332 929 2427; x_wconf 85' lang='lat' dir='ltr'><strong>Annali.</strong></span> 
     </span>
    </p>
   </div>
   <div class='ocr_carea' id='block_1_4' title="bbox 47 2515 1440 4683">
    <p class='ocr_par' dir='ltr' id='par_1_6' title="bbox 48 2515 1365 2814">
     <span class='ocr_line' id='line_1_20' title="bbox 149 2515 1365 2610; baseline -0.002 -15"><span class='ocrx_word' id='word_1_177' title='bbox 149 2520 184 2596; x_wconf 82' lang='lat' dir='ltr'><strong>S.</strong></span> <span class='ocrx_word' id='word_1_178' title='bbox 220 2521 439 2593; x_wconf 84' lang='lat' dir='ltr'><strong>Adiutoriam</strong></span> <span class='ocrx_word' id='word_1_179' title='bbox 472 2528 628 2591; x_wconf 86' lang='lat' dir='ltr'><strong>nostrum</strong></span> <span class='ocrx_word' id='word_1_180' title='bbox 659 2520 696 2588; x_wconf 92' lang='lat' dir='ltr'><strong>in</strong></span> <span class='ocrx_word' id='word_1_181' title='bbox 728 2515 874 2589; x_wconf 88' lang='lat' dir='ltr'><strong>Nomine</strong></span> <span class='ocrx_word' id='word_1_182' title='bbox 901 2519 1048 2590; x_wconf 89' lang='lat' dir='ltr'><strong>Domini.</strong></span> <span class='ocrx_word' id='word_1_183' title='bbox 1100 2524 1143 2610; x_wconf 64' lang='lat' dir='ltr'><strong>li.</strong></span> <span class='ocrx_word' id='word_1_184' title='bbox 1191 2519 1257 2603; x_wconf 83' lang='lat' dir='ltr'><strong>Qui</strong></span> <span class='ocrx_word' id='word_1_185' title='bbox 1282 2521 1365 2593; x_wconf 81' lang='lat' dir='ltr'><strong>feeit</strong></span> 
     </span>
     <span class='ocr_line' id='line_1_21' title="bbox 48 2619 1365 2714; baseline -0.001 -18"><span class='ocrx_word' id='word_1_186' title='bbox 48 2625 184 2696; x_wconf 87' lang='lat' dir='ltr'><strong>eoelum</strong></span> <span class='ocrx_word' id='word_1_187' title='bbox 212 2634 247 2695; x_wconf 92' lang='lat' dir='ltr'><strong>et</strong></span> <span class='ocrx_word' id='word_1_188' title='bbox 276 2634 410 2696; x_wconf 87' lang='lat' dir='ltr'><strong>terram.</strong></span> <span class='ocrx_word' id='word_1_189' title='bbox 452 2619 489 2696; x_wconf 83' lang='lat' dir='ltr'><strong>S.</strong></span> <span class='ocrx_word' id='word_1_190' title='bbox 522 2621 689 2710; x_wconf 89' lang='lat' dir='ltr'><strong>Domine,</strong></span> <span class='ocrx_word' id='word_1_191' title='bbox 717 2621 843 2692; x_wconf 85' lang='lat' dir='ltr'><strong>exaudi</strong></span> <span class='ocrx_word' id='word_1_192' title='bbox 870 2622 1060 2692; x_wconf 87' lang='lat' dir='ltr'><strong>orationem</strong></span> <span class='ocrx_word' id='word_1_193' title='bbox 1086 2642 1206 2691; x_wconf 88' lang='lat' dir='ltr'><strong>meam.</strong></span> <span class='ocrx_word' id='word_1_194' title='bbox 1249 2628 1292 2714; x_wconf 64' lang='lat' dir='ltr'><strong>It.</strong></span> <span class='ocrx_word' id='word_1_195' title='bbox 1320 2620 1365 2695; x_wconf 85' lang='lat' dir='ltr'><strong>Et</strong></span> 
     </span>
     <span class='ocr_line' id='line_1_22' title="bbox 49 2720 1364 2814; baseline -0.001 -16"><span class='ocrx_word' id='word_1_196' title='bbox 49 2728 178 2798; x_wconf 85' lang='lat' dir='ltr'><strong>elamor</strong></span> <span class='ocrx_word' id='word_1_197' title='bbox 207 2747 305 2805; x_wconf 85' lang='lat' dir='ltr'><strong>meus</strong></span> <span class='ocrx_word' id='word_1_198' title='bbox 331 2725 374 2796; x_wconf 88' lang='lat' dir='ltr'><strong>nd</strong></span> <span class='ocrx_word' id='word_1_199' title='bbox 401 2735 437 2797; x_wconf 86' lang='lat' dir='ltr'><strong>to</strong></span> <span class='ocrx_word' id='word_1_200' title='bbox 459 2725 586 2797; x_wconf 85' lang='lat' dir='ltr'><strong>veniat.</strong></span> <span class='ocrx_word' id='word_1_201' title='bbox 631 2720 666 2797; x_wconf 80' lang='lat' dir='ltr'><strong>S.</strong></span> <span class='ocrx_word' id='word_1_202' title='bbox 699 2722 867 2795; x_wconf 83' lang='lat' dir='ltr'><strong>Dominus</strong></span> <span class='ocrx_word' id='word_1_203' title='bbox 894 2724 1085 2798; x_wconf 81' lang='lat' dir='ltr'><strong>vobiscum.</strong></span> <span class='ocrx_word' id='word_1_204' title='bbox 1137 2728 1180 2814; x_wconf 68' lang='lat' dir='ltr'><strong>li.</strong></span> <span class='ocrx_word' id='word_1_205' title='bbox 1216 2724 1260 2796; x_wconf 86' lang='lat' dir='ltr'><strong>Et</strong></span> <span class='ocrx_word' id='word_1_206' title='bbox 1286 2745 1364 2797; x_wconf 88' lang='lat' dir='ltr'><strong>oum</strong></span> 
     </span>
    </p>

    <p class='ocr_par' dir='ltr' id='par_1_7' title="bbox 47 2831 1362 3032">
     <span class='ocr_line' id='line_1_23' title="bbox 84 2831 256 2901; baseline -0.023 -2"><span class='ocrx_word' id='word_1_207' title='bbox 84 2831 165 2901; x_wconf 84' lang='lat' dir='ltr'><strong>initu</strong></span> <span class='ocrx_word' id='word_1_208' title='bbox 187 2838 256 2898; x_wconf 89' lang='lat' dir='ltr'><strong>tuo.</strong></span> 
     </span>
     <span class='ocr_line' id='line_1_24' title="bbox 47 2848 1362 3032; baseline 0.007 -35"><span class='ocrx_word' id='word_1_209' title='bbox 47 2848 84 2925; x_wconf 55' lang='lat' dir='ltr'><strong>sp</strong></span> <span class='ocrx_word' id='word_1_210' title='bbox 151 2927 307 2998; x_wconf 86' lang='lat' dir='ltr'><strong>Oremus.</strong></span> <span class='ocrx_word' id='word_1_211' title='bbox 361 2927 514 2998; x_wconf 86' lang='lat' dir='ltr'><strong>Benedio</strong></span> <span class='ocrx_word' id='word_1_212' title='bbox 532 2926 585 3020; x_wconf 78' lang='lat'><strong>†,</strong></span> <span class='ocrx_word' id='word_1_213' title='bbox 604 2928 764 3016; x_wconf 89' lang='lat' dir='ltr'><strong>Domine,</strong></span> <span class='ocrx_word' id='word_1_214' title='bbox 783 2921 944 2999; x_wconf 89' lang='lat' dir='ltr'><strong>annulum</strong></span> <span class='ocrx_word' id='word_1_215' title='bbox 966 2928 1056 3003; x_wconf 85' lang='lat' dir='ltr'><strong>huno</strong></span> <span class='ocrx_word' id='word_1_216' title='bbox 1075 2941 1139 3003; x_wconf 89' lang='lat' dir='ltr'><strong>etc.</strong></span> <span class='ocrx_word' id='word_1_217' title='bbox 1167 2942 1206 3003; x_wconf 92' lang='lat' dir='ltr'><strong>ut</strong></span> <span class='ocrx_word' id='word_1_218' title='bbox 1225 2958 1257 3032; x_wconf 79' lang='lat' dir='ltr'><strong>p,</strong></span> <span class='ocrx_word' id='word_1_219' title='bbox 1278 2932 1362 3006; x_wconf 78' lang='lat'><strong>268.</strong></span> 
     </span>
    </p>

    <p class='ocr_par' dir='ltr' id='par_1_8' title="bbox 149 3037 1084 3116">
     <span class='ocr_line' id='line_1_25' title="bbox 149 3037 1084 3116; baseline 0.009 -20"><span class='ocrx_word' id='word_1_220' title='bbox 149 3037 221 3097; x_wconf 78' lang='lat' dir='ltr'><strong>&#39;l&#39;um</strong></span> <span class='ocrx_word' id='word_1_221' title='bbox 236 3045 376 3116; x_wconf 78' lang='lat' dir='ltr'><strong>aspergat</strong></span> <span class='ocrx_word' id='word_1_222' title='bbox 388 3037 524 3096; x_wconf 91' lang='lat' dir='ltr'><strong>annulum</strong></span> <span class='ocrx_word' id='word_1_223' title='bbox 537 3055 611 3116; x_wconf 84' lang='lat' dir='ltr'><strong>aqua</strong></span> <span class='ocrx_word' id='word_1_224' title='bbox 626 3038 782 3099; x_wconf 83' lang='lat' dir='ltr'><strong>benediota</strong></span> <span class='ocrx_word' id='word_1_225' title='bbox 794 3039 825 3098; x_wconf 90' lang='lat' dir='ltr'><strong>lu</strong></span> <span class='ocrx_word' id='word_1_226' title='bbox 838 3039 956 3100; x_wconf 89' lang='lat' dir='ltr'><strong>modum</strong></span> <span class='ocrx_word' id='word_1_227' title='bbox 972 3039 1084 3104; x_wconf 86' lang='lat' dir='ltr'><strong>Cruols.</strong></span> 
     </span>
    </p>

    <p class='ocr_par' dir='ltr' id='par_1_9' title="bbox 49 3137 1373 3427">
     <span class='ocr_line' id='line_1_26' title="bbox 151 3137 1364 3225; baseline 0.006 -26"><span class='ocrx_word' id='word_1_228' title='bbox 151 3140 183 3200; x_wconf 89' lang='lat' dir='ltr'><strong>Si</strong></span> <span class='ocrx_word' id='word_1_229' title='bbox 197 3137 413 3219; x_wconf 75' lang='lat' dir='ltr'><strong>sponsaliorum</strong></span> <span class='ocrx_word' id='word_1_230' title='bbox 427 3137 569 3198; x_wconf 84' lang='lat' dir='ltr'><strong>solemnis</strong></span> <span class='ocrx_word' id='word_1_231' title='bbox 582 3138 745 3200; x_wconf 85' lang='lat' dir='ltr'><strong>eelebratio</strong></span> <span class='ocrx_word' id='word_1_232' title='bbox 764 3156 825 3199; x_wconf 90' lang='lat' dir='ltr'><strong>uon</strong></span> <span class='ocrx_word' id='word_1_233' title='bbox 844 3145 1053 3220; x_wconf 76' lang='lat' dir='ltr'><strong>praesenserit,</strong></span> <span class='ocrx_word' id='word_1_234' title='bbox 1074 3145 1235 3222; x_wconf 82' lang='lat' dir='ltr'><strong>Paroohus,</strong></span> <span class='ocrx_word' id='word_1_235' title='bbox 1258 3153 1364 3225; x_wconf 85' lang='lat' dir='ltr'><strong>oporto</strong></span> 
     </span>
     <span class='ocr_line' id='line_1_27' title="bbox 49 3240 1365 3325; baseline 0.002 -20"><span class='ocrx_word' id='word_1_236' title='bbox 49 3245 158 3325; x_wconf 82' lang='lat' dir='ltr'><strong>eapite,</strong></span> <span class='ocrx_word' id='word_1_237' title='bbox 179 3242 269 3302; x_wconf 83' lang='lat' dir='ltr'><strong>iaciet</strong></span> <span class='ocrx_word' id='word_1_238' title='bbox 289 3256 403 3320; x_wconf 92' lang='lat' dir='ltr'><strong>sponso</strong></span> <span class='ocrx_word' id='word_1_239' title='bbox 417 3246 448 3300; x_wconf 89' lang='lat' dir='ltr'><strong>et</strong></span> <span class='ocrx_word' id='word_1_240' title='bbox 464 3254 594 3318; x_wconf 88' lang='lat' dir='ltr'><strong>sponsae</strong></span> <span class='ocrx_word' id='word_1_241' title='bbox 607 3240 858 3318; x_wconf 69' lang='lat' dir='ltr'><strong>interrogationes</strong></span> <span class='ocrx_word' id='word_1_242' title='bbox 877 3242 991 3322; x_wconf 90' lang='lat' dir='ltr'><strong>positas</strong></span> <span class='ocrx_word' id='word_1_243' title='bbox 1011 3244 1041 3306; x_wconf 92' lang='lat' dir='ltr'><strong>ln</strong></span> <span class='ocrx_word' id='word_1_244' title='bbox 1060 3246 1165 3307; x_wconf 85' lang='lat' dir='ltr'><strong>ordine</strong></span> <span class='ocrx_word' id='word_1_245' title='bbox 1194 3242 1365 3308; x_wconf 77' lang='lat' dir='ltr'><strong>celebrandi</strong></span> 
     </span>
     <span class='ocr_line' id='line_1_28' title="bbox 49 3335 1373 3427; baseline -0.002 -22"><span class='ocrx_word' id='word_1_246' title='bbox 49 3343 208 3427; x_wconf 84' lang='lat' dir='ltr'><strong>sponsalia,</strong></span> <span class='ocrx_word' id='word_1_247' title='bbox 227 3335 485 3423; x_wconf 74' lang='lat' dir='ltr'><strong>suprapag.271.</strong></span> <span class='ocrx_word' id='word_1_248' title='bbox 590 3362 597 3372; x_wconf 73' lang='grc'><strong>’</strong></span> <span class='ocrx_word' id='word_1_249' title='bbox 1370 3354 1373 3359; x_wconf 83' lang='grc'>·</span> 
     </span>
    </p>

    <p class='ocr_par' dir='ltr' id='par_1_10' title="bbox 48 3442 1364 3632">
     <span class='ocr_line' id='line_1_29' title="bbox 151 3442 1364 3527; baseline 0.002 -21"><span class='ocrx_word' id='word_1_250' title='bbox 151 3445 240 3506; x_wconf 82' lang='lat' dir='ltr'><strong>Facta</strong></span> <span class='ocrx_word' id='word_1_251' title='bbox 258 3443 358 3504; x_wconf 91' lang='lat' dir='ltr'><strong>annnll</strong></span> <span class='ocrx_word' id='word_1_252' title='bbox 379 3442 674 3519; x_wconf 87' lang='lat' dir='ltr'><strong>benedlntions.(aut</strong></span> <span class='ocrx_word' id='word_1_253' title='bbox 692 3443 778 3505; x_wconf 87' lang='lat' dir='ltr'><strong>laetis</strong></span> <span class='ocrx_word' id='word_1_254' title='bbox 800 3462 889 3527; x_wconf 84' lang='lat' dir='ltr'><strong>snpra</strong></span> <span class='ocrx_word' id='word_1_255' title='bbox 910 3444 996 3507; x_wconf 89' lang='lat' dir='ltr'><strong>diotis</strong></span> <span class='ocrx_word' id='word_1_256' title='bbox 1015 3446 1320 3527; x_wconf 75' lang='lat' dir='ltr'><strong>interrogationibus,</strong></span> <span class='ocrx_word' id='word_1_257' title='bbox 1339 3448 1364 3509; x_wconf 88' lang='lat' dir='ltr'><strong>si</strong></span> 
     </span>
     <span class='ocr_line' id='line_1_30' title="bbox 48 3536 1215 3632; baseline 0.002 -21"><span class='ocrx_word' id='word_1_258' title='bbox 48 3547 202 3610; x_wconf 78' lang='lat' dir='ltr'><strong>iaciendas</strong></span> <span class='ocrx_word' id='word_1_259' title='bbox 215 3536 341 3632; x_wconf 88' lang='lat' dir='ltr'><strong>iuerint)</strong></span> <span class='ocrx_word' id='word_1_260' title='bbox 355 3547 503 3608; x_wconf 83' lang='lat' dir='ltr'><strong>Poroolrns</strong></span> <span class='ocrx_word' id='word_1_261' title='bbox 517 3547 677 3623; x_wconf 86' lang='lat' dir='ltr'><strong>adstantes,</strong></span> <span class='ocrx_word' id='word_1_262' title='bbox 693 3556 798 3626; x_wconf 86' lang='lat' dir='ltr'><strong>operto</strong></span> <span class='ocrx_word' id='word_1_263' title='bbox 813 3549 921 3628; x_wconf 87' lang='lat' dir='ltr'><strong>eapite,</strong></span> <span class='ocrx_word' id='word_1_264' title='bbox 936 3548 1110 3631; x_wconf 84' lang='lat' dir='ltr'><strong>alloquens,</strong></span> <span class='ocrx_word' id='word_1_265' title='bbox 1122 3550 1215 3613; x_wconf 90' lang='lat' dir='ltr'><strong>dioet:</strong></span> 
     </span>
    </p>

    <p class='ocr_par' dir='ltr' id='par_1_11' title="bbox 47 3637 1440 4552">
     <span class='ocr_line' id='line_1_31' title="bbox 149 3637 1365 3729; baseline 0.001 -19"><span class='ocrx_word' id='word_1_266' title='bbox 149 3639 273 3729; x_wconf 85' lang='lat' dir='ltr'><strong>Liehe,</strong></span> <span class='ocrx_word' id='word_1_267' title='bbox 314 3637 388 3709; x_wconf 87' lang='lat' dir='ltr'><strong>hier</strong></span> <span class='ocrx_word' id='word_1_268' title='bbox 418 3639 662 3710; x_wconf 86' lang='lat' dir='ltr'><strong>vorsammelte</strong></span> <span class='ocrx_word' id='word_1_269' title='bbox 696 3637 874 3713; x_wconf 84' lang='lat' dir='ltr'><strong>Christenl</strong></span> <span class='ocrx_word' id='word_1_270' title='bbox 909 3639 988 3713; x_wconf 87' lang='lat' dir='ltr'><strong>Win</strong></span> <span class='ocrx_word' id='word_1_271' title='bbox 1012 3642 1156 3715; x_wconf 89' lang='lat' dir='ltr'><strong>muohen</strong></span> <span class='ocrx_word' id='word_1_272' title='bbox 1182 3642 1279 3714; x_wconf 87' lang='lat' dir='ltr'><strong>Euoh</strong></span> <span class='ocrx_word' id='word_1_273' title='bbox 1305 3640 1365 3711; x_wconf 88' lang='lat' dir='ltr'><strong>be-</strong></span> 
     </span>
     <span class='ocr_line' id='line_1_32' title="bbox 48 3740 1365 3837; baseline 0 -24"><span class='ocrx_word' id='word_1_274' title='bbox 48 3740 154 3813; x_wconf 83' lang='lat' dir='ltr'><strong>kannt</strong></span> <span class='ocrx_word' id='word_1_275' title='bbox 188 3742 258 3814; x_wconf 89' lang='lat' dir='ltr'><strong>und</strong></span> <span class='ocrx_word' id='word_1_276' title='bbox 291 3740 492 3834; x_wconf 83' lang='lat' dir='ltr'><strong>bezeugen,</strong></span> <span class='ocrx_word' id='word_1_277' title='bbox 525 3742 604 3815; x_wconf 88' lang='lat' dir='ltr'><strong>dass</strong></span> <span class='ocrx_word' id='word_1_278' title='bbox 629 3742 683 3812; x_wconf 90' lang='lat' dir='ltr'><strong>die</strong></span> <span class='ocrx_word' id='word_1_279' title='bbox 713 3743 980 3834; x_wconf 82' lang='lat' dir='ltr'><strong>gewohnliohen</strong></span> <span class='ocrx_word' id='word_1_280' title='bbox 1006 3745 1256 3837; x_wconf 83' lang='lat' dir='ltr'><strong>Ausruiungen</strong></span> <span class='ocrx_word' id='word_1_281' title='bbox 1290 3762 1365 3814; x_wconf 88' lang='lat' dir='ltr'><strong>we-</strong></span> 
     </span>
     <span class='ocr_line' id='line_1_33' title="bbox 50 3840 1440 3940; baseline 0 -25"><span class='ocrx_word' id='word_1_282' title='bbox 50 3865 117 3936; x_wconf 85' lang='lat' dir='ltr'><strong>gen</strong></span> <span class='ocrx_word' id='word_1_283' title='bbox 151 3842 447 3916; x_wconf 83' lang='lat' dir='ltr'><strong>hevorstehender</strong></span> <span class='ocrx_word' id='word_1_284' title='bbox 481 3841 556 3914; x_wconf 88' lang='lat' dir='ltr'><strong>Ehe</strong></span> <span class='ocrx_word' id='word_1_285' title='bbox 587 3844 707 3915; x_wconf 85' lang='lat' dir='ltr'><strong>beiden</strong></span> <span class='ocrx_word' id='word_1_286' title='bbox 740 3850 1026 3940; x_wconf 78' lang='lat' dir='ltr'><strong>gegenwirtigon</strong></span> <span class='ocrx_word' id='word_1_287' title='bbox 1054 3846 1246 3919; x_wconf 85' lang='lat' dir='ltr'><strong>Verlobten</strong></span> <span class='ocrx_word' id='word_1_288' title='bbox 1266 3843 1306 3915; x_wconf 92' lang='lat' dir='ltr'><strong>N.</strong></span> <span class='ocrx_word' id='word_1_289' title='bbox 1322 3840 1362 3915; x_wconf 92' lang='lat' dir='ltr'><strong>N.</strong></span> <span class='ocrx_word' id='word_1_290' title='bbox 1434 3896 1440 3903; x_wconf 80' lang='lat'><em>-</em></span> 
     </span>
     <span class='ocr_line' id='line_1_34' title="bbox 48 3943 1377 4042; baseline 0.002 -25"><span class='ocrx_word' id='word_1_291' title='bbox 48 3947 117 4017; x_wconf 91' lang='lat' dir='ltr'><strong>und</strong></span> <span class='ocrx_word' id='word_1_292' title='bbox 131 3943 171 4016; x_wconf 95' lang='lat' dir='ltr'><strong>N.</strong></span> <span class='ocrx_word' id='word_1_293' title='bbox 186 3945 226 4016; x_wconf 89' lang='lat' dir='ltr'><strong>N.</strong></span> <span class='ocrx_word' id='word_1_294' title='bbox 248 3944 339 4016; x_wconf 91' lang='lat' dir='ltr'><strong>ohne</strong></span> <span class='ocrx_word' id='word_1_295' title='bbox 358 3949 496 4039; x_wconf 85' lang='lat' dir='ltr'><strong>einigen</strong></span> <span class='ocrx_word' id='word_1_296' title='bbox 512 3943 762 4042; x_wconf 81' lang='lat' dir='ltr'><strong>Widerspruolr</strong></span> <span class='ocrx_word' id='word_1_297' title='bbox 784 3946 982 4041; x_wconf 86' lang='lat' dir='ltr'><strong>gesolreheu</strong></span> <span class='ocrx_word' id='word_1_298' title='bbox 1001 3949 1096 4035; x_wconf 80' lang='lat' dir='ltr'><strong>sind3</strong></span> <span class='ocrx_word' id='word_1_299' title='bbox 1114 3946 1182 4018; x_wconf 90' lang='lat' dir='ltr'><strong>und</strong></span> <span class='ocrx_word' id='word_1_300' title='bbox 1204 3946 1246 4017; x_wconf 91' lang='lat' dir='ltr'><strong>da</strong></span> <span class='ocrx_word' id='word_1_301' title='bbox 1264 3945 1377 4019; x_wconf 70' lang='lat' dir='ltr'><strong>beide&#39;</strong></span> 
     </span>
     <span class='ocr_line' id='line_1_35' title="bbox 47 4046 1365 4140; baseline 0.002 -22"><span class='ocrx_word' id='word_1_302' title='bbox 47 4050 129 4120; x_wconf 84' lang='lat' dir='ltr'><strong>istst</strong></span> <span class='ocrx_word' id='word_1_303' title='bbox 152 4070 214 4119; x_wconf 84' lang='lat' dir='ltr'><strong>zur</strong></span> <span class='ocrx_word' id='word_1_304' title='bbox 239 4046 313 4118; x_wconf 87' lang='lat' dir='ltr'><strong>Eho</strong></span> <span class='ocrx_word' id='word_1_305' title='bbox 339 4049 513 4120; x_wconf 87' lang='lat' dir='ltr'><strong>schroiten</strong></span> <span class='ocrx_word' id='word_1_306' title='bbox 538 4049 683 4136; x_wconf 85' lang='lat' dir='ltr'><strong>wollen,</strong></span> <span class='ocrx_word' id='word_1_307' title='bbox 717 4071 757 4121; x_wconf 91' lang='lat' dir='ltr'><strong>so</strong></span> <span class='ocrx_word' id='word_1_308' title='bbox 783 4049 970 4121; x_wconf 86' lang='lat' dir='ltr'><strong>ermuhnen</strong></span> <span class='ocrx_word' id='word_1_309' title='bbox 990 4054 1058 4123; x_wconf 86' lang='lat' dir='ltr'><strong>wir</strong></span> <span class='ocrx_word' id='word_1_310' title='bbox 1080 4047 1178 4119; x_wconf 79' lang='lat' dir='ltr'><strong>lluroh</strong></span> <span class='ocrx_word' id='word_1_311' title='bbox 1201 4048 1365 4140; x_wconf 83' lang='lat' dir='ltr'><strong>abermal,</strong></span> 
     </span>
     <span class='ocr_line' id='line_1_36' title="bbox 49 4146 1366 4242; baseline 0.003 -23"><span class='ocrx_word' id='word_1_312' title='bbox 49 4149 148 4241; x_wconf 82' lang='lat' dir='ltr'><strong>dass,</strong></span> <span class='ocrx_word' id='word_1_313' title='bbox 176 4168 282 4221; x_wconf 86' lang='lat' dir='ltr'><strong>wenn</strong></span> <span class='ocrx_word' id='word_1_314' title='bbox 308 4146 414 4221; x_wconf 88' lang='lat' dir='ltr'><strong>Einer</strong></span> <span class='ocrx_word' id='word_1_315' title='bbox 436 4170 498 4224; x_wconf 87' lang='lat' dir='ltr'><strong>aus</strong></span> <span class='ocrx_word' id='word_1_316' title='bbox 520 4148 617 4220; x_wconf 86' lang='lat' dir='ltr'><strong>Euoh</strong></span> <span class='ocrx_word' id='word_1_317' title='bbox 646 4160 757 4223; x_wconf 87' lang='lat' dir='ltr'><strong>etwas</strong></span> <span class='ocrx_word' id='word_1_318' title='bbox 779 4156 905 4242; x_wconf 84' lang='lat' dir='ltr'><strong>weiss,</strong></span> <span class='ocrx_word' id='word_1_319' title='bbox 930 4174 1007 4226; x_wconf 87' lang='lat' dir='ltr'><strong>was</strong></span> <span class='ocrx_word' id='word_1_320' title='bbox 1033 4152 1129 4223; x_wconf 88' lang='lat' dir='ltr'><strong>diese</strong></span> <span class='ocrx_word' id='word_1_321' title='bbox 1151 4148 1226 4222; x_wconf 82' lang='lat' dir='ltr'><strong>Eho</strong></span> <span class='ocrx_word' id='word_1_322' title='bbox 1253 4150 1366 4224; x_wconf 79' lang='lat' dir='ltr'><strong>reoht</strong></span> 
     </span>
     <span class='ocr_line' id='line_1_37' title="bbox 49 4250 1366 4346; baseline 0.002 -24"><span class='ocrx_word' id='word_1_323' title='bbox 49 4254 220 4344; x_wconf 81' lang='lat' dir='ltr'><strong>missiger</strong></span> <span class='ocrx_word' id='word_1_324' title='bbox 237 4250 358 4325; x_wconf 88' lang='lat' dir='ltr'><strong>Weise</strong></span> <span class='ocrx_word' id='word_1_325' title='bbox 379 4251 590 4324; x_wconf 87' lang='lat' dir='ltr'><strong>vorhindern</strong></span> <span class='ocrx_word' id='word_1_326' title='bbox 614 4251 755 4342; x_wconf 71' lang='lat' dir='ltr'><strong>kanuto,</strong></span> <span class='ocrx_word' id='word_1_327' title='bbox 782 4276 822 4324; x_wconf 89' lang='lat' dir='ltr'><strong>er</strong></span> <span class='ocrx_word' id='word_1_328' title='bbox 839 4274 903 4325; x_wconf 89' lang='lat' dir='ltr'><strong>uns</strong></span> <span class='ocrx_word' id='word_1_329' title='bbox 930 4251 1069 4327; x_wconf 88' lang='lat' dir='ltr'><strong>sololres</strong></span> <span class='ocrx_word' id='word_1_330' title='bbox 1090 4252 1366 4346; x_wconf 84' lang='lat' dir='ltr'><strong>aagenbllolrliolr</strong></span> 
     </span>
     <span class='ocr_line' id='line_1_38' title="bbox 50 4352 1365 4493; baseline 0.007 -70"><span class='ocrx_word' id='word_1_331' title='bbox 50 4357 203 4447; x_wconf 83' lang='lat' dir='ltr'><strong>anzeige.</strong></span> <span class='ocrx_word' id='word_1_332' title='bbox 256 4352 305 4427; x_wconf 85' lang='lat' dir='ltr'><strong>Es</strong></span> <span class='ocrx_word' id='word_1_333' title='bbox 333 4354 532 4427; x_wconf 85' lang='lat' dir='ltr'><strong>unienstehe</strong></span> <span class='ocrx_word' id='word_1_334' title='bbox 568 4353 641 4427; x_wconf 87' lang='lat' dir='ltr'><strong>sloh</strong></span> <span class='ocrx_word' id='word_1_335' title='bbox 673 4355 756 4427; x_wconf 81' lang='lat' dir='ltr'><strong>aner</strong></span> <span class='ocrx_word' id='word_1_336' title='bbox 788 4352 955 4433; x_wconf 88' lang='lat' dir='ltr'><strong>Nremand</strong></span> <span class='ocrx_word' id='word_1_337' title='bbox 986 4358 1044 4427; x_wconf 90' lang='lat' dir='ltr'><strong>ein</strong></span> <span class='ocrx_word' id='word_1_338' title='bbox 1071 4352 1276 4430; x_wconf 86' lang='lat' dir='ltr'><strong>Hinderniss</strong></span> <span class='ocrx_word' id='word_1_339' title='bbox 1303 4374 1365 4493; x_wconf 77' lang='lat' dir='ltr'><strong>aus</strong></span> 
     </span>
     <span class='ocr_line' id='line_1_39' title="bbox 49 4452 1419 4552; baseline 0.008 -28"><span class='ocrx_word' id='word_1_340' title='bbox 49 4452 191 4530; x_wconf 88' lang='lat' dir='ltr'><strong>Boshelt</strong></span> <span class='ocrx_word' id='word_1_341' title='bbox 211 4454 280 4526; x_wconf 90' lang='lat' dir='ltr'><strong>und</strong></span> <span class='ocrx_word' id='word_1_342' title='bbox 307 4455 396 4528; x_wconf 88' lang='lat' dir='ltr'><strong>olsno</strong></span> <span class='ocrx_word' id='word_1_343' title='bbox 415 4452 571 4529; x_wconf 86' lang='lat' dir='ltr'><strong>Ursaoho</strong></span> <span class='ocrx_word' id='word_1_344' title='bbox 595 4457 861 4552; x_wconf 83' lang='lat' dir='ltr'><strong>voraubringen.</strong></span> <span class='ocrx_word' id='word_1_345' title='bbox 1415 4471 1419 4477; x_wconf 85' lang='grc'><strong>’</strong></span> 
     </span>
    </p>

    <p class='ocr_par' dir='ltr' id='par_1_12' title="bbox 152 4508 1369 4683">
     <span class='ocr_line' id='line_1_40' title="bbox 152 4508 1369 4683; baseline 0 -54"><span class='ocrx_word' id='word_1_346' title='bbox 152 4565 184 4629; x_wconf 85' lang='lat' dir='ltr'><strong>st</strong></span> <span class='ocrx_word' id='word_1_347' title='bbox 198 4566 289 4683; x_wconf 85' lang='lat' dir='ltr'><strong>inerit</strong></span> <span class='ocrx_word' id='word_1_348' title='bbox 302 4582 444 4629; x_wconf 87' lang='lat' dir='ltr'><strong>oonosssa</strong></span> <span class='ocrx_word' id='word_1_349' title='bbox 458 4567 641 4649; x_wconf 87' lang='lat' dir='ltr'><strong>dispensatio</strong></span> <span class='ocrx_word' id='word_1_350' title='bbox 655 4569 694 4631; x_wconf 85' lang='lat' dir='ltr'><strong>ds</strong></span> <span class='ocrx_word' id='word_1_351' title='bbox 709 4570 810 4651; x_wconf 84' lang='lat' dir='ltr'><strong>aliquo</strong></span> <span class='ocrx_word' id='word_1_352' title='bbox 823 4570 1044 4652; x_wconf 85' lang='lat' dir='ltr'><strong>impedimento,</strong></span> <span class='ocrx_word' id='word_1_353' title='bbox 1061 4570 1110 4634; x_wconf 76' lang='lat' dir='ltr'><strong>sol</strong></span> <span class='ocrx_word' id='word_1_354' title='bbox 1125 4571 1165 4635; x_wconf 93' lang='lat' dir='ltr'><strong>do</strong></span> <span class='ocrx_word' id='word_1_355' title='bbox 1178 4571 1298 4650; x_wconf 73' lang='lat' dir='ltr'><strong>lanum,</strong></span> <span class='ocrx_word' id='word_1_356' title='bbox 1314 4508 1369 4630; x_wconf 80' lang='lat' dir='ltr'><strong>aul</strong></span> 
     </span>
    </p>
   </div>
   <div class='ocr_carea' id='block_1_5' title="bbox 0 0 1537 4934">
    <p class='ocr_par' dir='ltr' id='par_1_13' title="bbox 0 0 1537 4934">
     <span class='ocr_line' id='line_1_41' title="bbox 0 0 1537 4934; baseline 0 0"><span class='ocrx_word' id='word_1_357' title='bbox 0 0 1537 4934; x_wconf 95' lang='lat' dir='ltr'><strong> </strong></span> 
     </span>
    </p>
   </div>
  </div>
 </body>
</html>
