3046 4942
1437 176 1493 231 ,Γ

804 336 881 406 396

290 530 362 592 vat:
391 518 432 592 ln
453 529 567 592 monte
589 518 717 591 Oliveti
739 521 851 592 oravit
872 519 916 590 ud
936 516 1088 589 Patrem:
1114 515 1221 588 Pater
1240 515 1276 588 si
1294 511 1368 588 lieri
1386 525 1476 614 potest

187 632 339 698 transeat
359 644 379 693 a
400 644 456 694 me
482 622 574 693 calix
595 624 669 696 iste.
722 619 867 718 Spiritus
888 619 1024 717 quidem
1045 627 1224 715 promptus
1245 626 1314 708 est,
1335 641 1416 691 caro
1435 641 1478 690 au·

186 736 255 798 tem
279 725 423 814 infirma,
448 723 505 796 liat
527 724 688 797 voluntas
713 734 781 795 tua.
815 722 965 818 Vigilate
983 731 1017 793 et
1035 731 1144 813 orate,
1168 731 1207 793 ut
1225 723 1480 795 nonmuetisin

131 866 139 891 .-
184 831 414 899 tentatiouem.
458 825 604 922 Spiritus
626 825 761 921 quidem
782 836 846 897 etc.

287 956 407 1022 Interim
420 957 487 1018 dum
502 965 633 1018 cantatur
645 956 877 1041 Desponsorium
885 953 1034 1021 Diaconos
1045 955 1131 1036 ponit
1146 953 1261 1016 librum
1271 950 1481 1033 Emageliorun

186 1080 278 1143 super
289 1060 407 1122 ditare:
430 1067 459 1120 et
473 1057 638 1136 Sacerdos,
657 1061 839 1121 ministrante
852 1057 986 1119 Diacono
1000 1056 1183 1136 naviculam,
1203 1055 1480 1143 ponitinceusnmin
1514 1086 1517 1101 =

186 1161 347 1227 thuribulo.
389 1161 506 1222 Deinde
520 1162 666 1223 Diaconos
682 1163 768 1224 dicit:
794 1149 922 1224 Munda
940 1173 1002 1222 cor
1022 1170 1135 1222 meum
1152 1153 1258 1248 1262
1276 1160 1383 1242 accipit
1394 1157 1482 1220 libratu

187 1264 341 1342 dedituri,
355 1266 431 1345 petit
445 1263 681 1326 benedictionem
696 1284 711 1326 a
726 1263 905 1327 Sacerdote:
919 1271 1024 1346 postea
1037 1261 1228 1325 Subdiacono
1247 1260 1356 1325 librom
1368 1268 1480 1338 teneate,
1515 1288 1517 1348 t

186 1367 298 1430 medius
316 1367 393 1428 inter
407 1366 481 1428 dnos
494 1365 658 1444 doolpthos
673 1377 809 1430 tenentes
825 1364 998 1428 candelabra
1008 1383 1142 1444 accensa,
1157 1365 1262 1447 signat
1271 1364 1386 1443 librum,
1398 1364 1480 1424 ineas
1515 1360 1517 1405 :

186 1479 231 1532 sat
245 1479 275 1531 et
289 1477 386 1531 cantat
399 1468 602 1548 Evangelium,
618 1479 648 1531 nt
662 1469 739 1533 inira
753 1489 837 1532 more
850 1476 1005 1546 consueto,
1021 1486 1078 1549 quo
1095 1468 1176 1530 linito
1185 1461 1480 1530 Subdiaconmdelert

186 1572 293 1634 librum
308 1569 496 1635 osculandum
511 1571 675 1651 Sacerdoti,
690 1574 740 1655 qni
754 1582 784 1634 et
798 1574 967 1635 incensatur
980 1589 996 1632 a
1009 1568 1152 1636 Diacono.
1424 1552 1428 1558 ’

288 1681 608 1778 SequentiaSancti
628 1680 810 1776 Evangelii
829 1680 1016 1755 secundum
1033 1678 1246 1754 Matthaeum
1261 1676 1363 1768 xxi.
1381 1677 1478 1750 l-D:

185 1783 225 1857 ln
256 1784 317 1858 illo
351 1795 523 1882 tempore:
558 1783 643 1857 Cum
669 1786 974 1882 appropinquasset
999 1781 1098 1858 lesus
1124 1793 1189 1857 eto.
1217 1822 1274 1837 -
1298 1781 1482 1855 benedictus

187 1889 244 1984 qui
269 1890 364 1960 uenit
389 1891 424 1959 in
449 1892 585 1960 nomine
608 1887 753 1959 Domini.

289 1999 362 2060 Post
380 1998 454 2060 haec
466 1999 680 2061 benedicuntur
692 2000 774 2060 rami.
814 1998 961 2061 Sacerdos
975 2006 1056 2061 stans
1070 1998 1099 2058 in
1113 1994 1222 2060 eodem
1237 2014 1332 2059 cornu
1343 1994 1484 2077 Epistolae

68 2112 72 2135 ¹
186 2100 257 2161 dicit
271 2101 299 2160 in
314 2109 385 2161 tono
402 2101 550 2162 Orationis
564 2100 692 2162 ferialis:
718 2092 884 2167 Dominus
908 2091 1110 2164 vobiscum.‘
1138 2093 1182 2180 Dc.
1210 2087 1355 2165 Etcum
1376 2085 1485 2186 Spirilu

53 2218 63 2236 ‘
184 2203 254 2264 tuo.
308 2189 463 2266 Oramus.
512 2192 616 2285 Auge
641 2191 742 2265 iidem
768 2196 803 2264 in
827 2205 863 2266 te
886 2196 1095 2290 sperantium
1119 2191 1220 2266 Deus
1244 2201 1277 2264 et
1300 2192 1486 2288 supplicam

185 2314 309 2391 preces
336 2293 522 2366 clementer
542 2294 685 2367 exaudi:
709 2299 825 2369 veniat
847 2318 1036 2392 supernos
1058 2293 1241 2390 multiplex
1258 2292 1486 2368 misericordia

184 2405 261 2467 tua:
284 2396 570 2490 hene†dicantur
589 2407 622 2469 et
640 2397 674 2471 hi
691 2399 847 2496 palmites
864 2399 1050 2495 palmarum
1067 2419 1130 2472 seu
1147 2397 1336 2470 olivarum:
1355 2405 1390 2468 et
1406 2398 1487 2468 sicut

184 2502 219 2572 in
238 2497 347 2593 ligura
368 2501 539 2575 ecclesiae
561 2501 789 2598 multiplicasti
814 2499 892 2575 Noe
914 2501 1146 2595 egredientem
1169 2498 1214 2572 de
1236 2521 1319 2572 arca
1340 2509 1376 2572 et
1394 2496 1485 2596 liop-

183 2624 247 2677 sen
266 2613 450 2676 exeuntem
470 2604 514 2676 de
534 2604 700 2700 Aegypto
722 2627 800 2676 cum
821 2604 898 2678 liliis
912 2603 1047 2690 ,lsrael;
1067 2606 1113 2674 ita
1133 2622 1200 2676 nos
1222 2611 1403 2700 portantes
1422 2600 1484 2699 pal·

183 2726 256 2777 mas
278 2715 311 2776 et
332 2726 447 2778 ramos
470 2706 651 2791 olivarum,
673 2706 772 2780 bonis
794 2706 925 2779 actibus
945 2727 1167 2780 occurramus
1185 2703 1325 2779 obviam
1341 2703 1481 2779 cursu:

183 2815 218 2877 et
237 2827 301 2901 per
321 2808 431 2902 ipsum
449 2806 664 2900 ingaudium
683 2810 846 2882 intremus
864 2818 1049 2897 aeternum
1093 2805 1160 2894 Qut
1179 2818 1294 2881 tecum
1315 2803 1420 2906 etc1)
1514 2820 1517 2897 t

284 2924 352 2997 Per
377 2928 490 2999 omnia
512 2926 650 2998 saecula
673 2928 889 3000 saeculorum
912 2938 975 3000 etc.
997 2946 1028 2999 at
1047 2957 1077 3019 p.
1098 2932 1149 3000 ta.
1183 2925 1279 3001 Vere
1300 2925 1480 3021 dignumst
1513 2900 1517 3019 Ι

182 3029 305 3100 iustum
328 3037 394 3116 est
420 3050 566 3124 aequum
592 3039 627 3100 et
648 3030 798 3103 salutare
819 3052 884 3104 nos
912 3029 972 3102 tibi
993 3053 1129 3127 semper
1156 3029 1343 3125 stultique
1369 3030 1478 3125 gratim

184 3151 302 3220 agere,
329 3124 475 3203 Domine
494 3142 627 3221 sancte,
649 3131 751 3205 Pater
774 3135 987 3229 omnipotens
1010 3142 1150 3204 aeterne
1175 3130 1284 3206 Deus.
1330 3131 1398 3219 uui
1416 3130 1478 3225 glo
1513 3124 1517 3169 ἶ

182 3232 281 3304 riaris
301 3234 336 3302 iu
356 3233 499 3306 consilio
521 3232 724 3306 Sanctorum
743 3245 887 3308 tuorum.
932 3234 1008 3308 Tibi
1027 3238 1116 3306 enim
1136 3234 1295 3308 serviunt
1315 3244 1477 3306 creaturae
1513 3202 1517 3305 l

181 3343 280 3406 tuaer
309 3336 385 3428 quia
407 3345 443 3407 te
464 3336 576 3409 solum
601 3348 775 3409 auctorem
801 3348 836 3412 et
862 3337 974 3410 Deum
993 3345 1233 3430 cognoscente
1254 3345 1293 3408 et
1314 3340 1418 3409 omnis
1435 3332 1476 3404 ia·

182 3445 278 3521 ctura
307 3444 364 3506 tua
391 3445 427 3507 te
445 3437 617 3511 collaudat
639 3449 673 3511 et
693 3439 899 3512 benedicunt
916 3450 951 3512 te
972 3437 1089 3513 Sancti
1109 3441 1167 3511 tui.
1210 3435 1303 3524 Quia
1321 3437 1403 3512 illud
1418 3456 1476 3508 nra

182 3559 286 3632 gnum
301 3535 476 3633 Unigeniti
492 3543 541 3611 tui
563 3563 688 3614 nomen
709 3564 825 3614 coram
846 3542 987 3637 regibus
1006 3552 1040 3614 et
1057 3540 1283 3640 potestatibus
1303 3540 1397 3615 huius
1410 3558 1475 3613 sue

182 3640 251 3713 culi
281 3640 392 3713 libera
423 3663 513 3713 voce
534 3643 746 3717 confitentur.
788 3643 852 3718 Cui
873 3647 1035 3719 assistunt
1055 3638 1186 3738 Augeli
1208 3653 1243 3717 et
1265 3638 1473 3734 Amlmgett,

183 3743 314 3817 Throni
341 3753 377 3816 ct
403 3743 660 3820 Dominationes
693 3770 837 3843 cumque
865 3749 956 3820 omni
981 3747 1099 3820 militia
1126 3745 1294 3821 coelestis
1318 3745 1473 3821 exercitus

182 3845 344 3940 hymnum
365 3856 445 3920 tuae
471 3845 604 3940 gloriae
630 3852 812 3924 concinunt
832 3853 907 3925 siue
933 3847 1000 3922 line
1018 3851 1190 3924 dicentesa
1217 3847 1372 3938 Summus,
1394 3843 1474 3919 san

182 3956 255 4022 ctus
279 3959 334 4021 etc
354 3973 386 4046 p.
412 3951 471 4021 80.
1220 3988 1225 3997 =

280 4050 447 4126 Dominus
472 4052 660 4125 vobiscum.
701 4059 743 4147 Dp.
769 4054 814 4128 Et
839 4078 918 4128 cum
942 4055 1062 4152 spiritu
1079 4062 1148 4126 tuo.
1198 4051 1356 4129 Oramus.
1396 4050 1473 4124 Peti-

181 4171 255 4224 mus
274 4152 419 4228 Domine
437 4165 568 4245 sancte,
585 4153 688 4228 Pater
706 4161 933 4255 omnipotens,
951 4166 1090 4229 aeterne
1103 4155 1218 4232 Deusr
1236 4170 1277 4231 ut
1293 4158 1382 4231 hanc
1395 4173 1472 4227 crea·

181 4260 289 4325 turam
317 4256 445 4348 olivae,
471 4281 640 4355 quamque
666 4259 822 4333 columba
848 4261 986 4334 rediens
1013 4259 1054 4332 ad
1074 4275 1189 4333 arcam
1207 4262 1353 4358 proprio
1376 4265 1472 4357 perit

183 4351 220 4422 lit
240 4378 302 4427 ore
321 4357 571 4454 hene†dicere
590 4369 627 4433 et
647 4361 903 4456 suncti†ficare
923 4363 1092 4456 digneris:
1111 4372 1148 4436 ut
1165 4365 1364 4461 quicunque
1386 4383 1429 4435 ex
1441 4376 1471 4429 et

183 4516 387 4534 -ᾑ-

250 4605 280 4684 1)
295 4610 367 4671 llius.
383 4614 454 4685 Aug.
472 4618 548 4674 1497.
565 4620 599 4676 lai
614 4621 789 4693 palmites
804 4622 992 4681 olivarum.
